@string{icfp="ACM SIGPLAN International Conference on Functional Programming"}
@string{acm="ACM Press, New York"}
@String{lncs="Lecture Notes in Computer Science"}
@String{tcs="Theor. Comput. Sci."}
@String{entcs="Electr. Notes Theor. Comput. Sci."}
@String{jsl="J. Symb. Log."}
@String{jfp="J. Funct. Program."}
@String{hosc="Higher Order and Symbolic Computation"},

@string{SV = "{Sprin\-ger-Verlag}"}

## Lambda calculus, Explicit substitutions
@inproceedings{AbaCarCurLev90,
  author      = {M. Abadi and L. Cardelli and P.-L. Curien and J.-J. Levy},
  title       = {Explicit substitutions},
  booktitle   = {POPL '90: Proceedings of the 17th ACM SIGPLAN-SIGACT 
                 symposium on Principles of programming languages},
  year        = {1990},
  isbn        = {0-89791-343-4},
  pages       = {31--46},
  location    = {San Francisco, California, United States},
  doi         = {http://doi.acm.org/10.1145/96709.96712},
  publisher   = {ACM},
  address     = {New York, NY, USA},
}

@inproceedings{AbeCoqDyb08,
  author      = {Andreas Abel and Thierry Coquand and Peter Dybjer},
  title       = {Verifying a Semantic beta-eta-Conversion Test for Martin-L{\"{o}}f
                 Type Theory},
  pages       = {29-56},
  ee          = {http://dx.doi.org/10.1007/978-3-540-70594-9_4},
  editor      = {Philippe Audebaud and Christine Paulin-Mohring},
  booktitle   = {Mathematics of Program Construction, 9th International Conference,
                 MPC 2008, Marseille, France, July 15-18, 2008. Proceedings},
  publisher   = {Springer},
  series      = {Lecture Notes in Computer Science},
  volume      = {5133},
  year        = {2008},
  isbn        = {978-3-540-70593-2},
  bibsource   = {DBLP, http://dblp.uni-trier.de}
}

## Lambda calculus, Game semantics
@InProceedings{AbrJagMal94,
  author      = "Samson Abramsky and Radha Jagadeesan and Pasquale Malacaria",
  title       = "Full Abstraction for {PCF}",
  booktitle   = {Theoretical Aspects of Computer Software, International
                 Conference TACS '94, Sendai, Japan, April 19-22, 1994,
                 Proceedings},
  editor      = {Masami Hagiya and John C. Mitchell},
  series      = lncs,
  volume      = "789",
  pages       = "1--15",
  year        = "1994",
}

## Lambda calculus, Game semantics
@article{AbrJagMal00,
  author      = {Samson Abramsky and Radha Jagadeesan and Pasquale Malacaria},
  title       = {Full abstraction for {PCF}},
  journal     = {Information and Computation},
  volume      = {163},
  number      = {2},
  year        = {2000},
  pages       = {409--470},
  publisher   = {Academic Press, Inc.},
  address     = {Duluth, MN, USA},
  note        = {Long abstract in \cite{AbrJagMal94}}
 }

## Type theory
@article{Adams06,
  author      = {Robin Adams},
  title       = {Pure type systems with judgemental equality},
  journal     = {J. Funct. Program.},
  volume      = {16},
  number      = {2},
  year        = {2006},
  pages       = {219-246},
  ee          = {http://dx.doi.org/10.1017/S0956796805005770},
}

@PhDThesis{Ahman17,
  author      = {Danel Ahman},
  title       = {Fibred Computational Effects},
  type        = {{Ph.D.} Thesis},
  school      = {University of Edimburgh},
  year        = 2017
}

@inproceedings{Allali08,
  author      = {Lisa Allali},
  title       = {Algorithmic Equality in Heyting Arithmetic Modulo},
  year        = {2007},
  pages       = {1-17},
  ee          = {http://dx.doi.org/10.1007/978-3-540-68103-8_1},
  editor      = {Marino Miculan and
                 Ivan Scagnetto and
                 Furio Honsell},
  booktitle   = {Types for Proofs and Programs, International Conference,
                 TYPES 2007, Cividale des Friuli, Italy, May 2-5, 2007, Revised
                 Selected Papers},
  publisher   = {Springer},
  series      = {Lecture Notes in Computer Science},
  volume      = {4941},
  isbn        = {978-3-540-68084-0},
  bibsource   = {DBLP, http://dblp.uni-trier.de}
}

@inproceedings{Altenkirch99,
  author      = {Thorsten Altenkirch},
  title       = {Extensional Equality in Intensional Type Theory},
  booktitle   = {14th Annual {IEEE} Symposium on Logic in Computer Science, Trento,
                Italy, July 2-5, 1999},
  pages       = {412--420},
  year        = {1999},
  url         = {https://doi.org/10.1109/LICS.1999.782636},
  doi         = {10.1109/LICS.1999.782636},
  publisher   = {{IEEE} Computer Society},
  isbn        = {0-7695-0158-3},
}

@inproceedings{AltenkirchBoulierKaposiTabareau19,
  author      = {Thorsten Altenkirch and
                 Simon Boulier and
                 Ambrus Kaposi and
                 Nicolas Tabareau},
  editor      = {Graham Hutton},
  title       = {Setoid Type Theory - {A} Syntactic Translation},
  booktitle   = {Mathematics of Program Construction - 13th International Conference,
                 {MPC} 2019, Porto, Portugal, October 7-9, 2019, Proceedings},
  series      = {Lecture Notes in Computer Science},
  volume      = {11825},
  pages       = {155--196},
  publisher   = {Springer},
  year        = {2019},
  url         = {https://doi.org/10.1007/978-3-030-33636-3\_7},
  doi         = {10.1007/978-3-030-33636-3\_7},
}

## Normalisation by evaluation
@inproceedings{AltDybHofSco01,
  author      = {Thorsten Altenkirch and Peter Dybjer and
                 Martin Hofmann and Philip J. Scott},
  title       = {Normalization by Evaluation for Typed Lambda Calculus with
                 Coproducts},
  booktitle   = {LICS '01: Proceedings of the 16th Annual IEEE Symposium on 
                 Logic in Computer Science},
  year        = {2001},
  pages       = {303-310},
  publisher   = {IEEE Computer Society},
  address     = {Washington, DC, USA},
}

## Normalisation by evaluation
@inproceedings{AltenkirchHofmannStreicher96,
  author      = {Thorsten Altenkirch and Martin Hofmann and Thomas Streicher},
  title       = {Reduction-Free Normalisation for a Polymorphic System},
  booktitle   = {Proceedings, 11th Annual {IEEE} Symposium on Logic in Computer Science,
                 New Brunswick, New Jersey, USA, July 27-30, 1996},
  pages       = {98--106},
  year        = {1996},
}

@inproceedings{AltenkirchKaposi15,
  author      = {Thorsten Altenkirch and
                 Ambrus Kaposi},
  title       = {Towards a Cubical Type Theory without an Interval},
  booktitle   = {21st International Conference on Types for Proofs and Programs, {TYPES}
                 2015, May 18-21, 2015, Tallinn, Estonia},
  pages       = {3:1--3:27},
  url         = {https://doi.org/10.4230/LIPIcs.TYPES.2015.3},
  doi         = {10.4230/LIPIcs.TYPES.2015.3},
  editor      = {Tarmo Uustalu},
  series      = {LIPIcs},
  volume      = {69},
  publisher   = {Schloss Dagstuhl - Leibniz-Zentrum fuer Informatik},
  year        = {2018},
}

@inproceedings{AltenkirchMcBrideSwierstra07,
  author      = {Thorsten Altenkirch and
                 Conor McBride and
                 Wouter Swierstra},
  title       = {Observational equality, now!},
  booktitle   = {Proceedings of the {ACM} Workshop Programming Languages meets Program
                 Verification, {PLPV} 2007, Freiburg, Germany, October 5, 2007},
  pages       = {57--68},
  year        = {2007},
  editor      = {Aaron Stump and Hongwei Xi},
  publisher   = {{ACM}},
  url         = {http://doi.acm.org/10.1145/1292597.1292608},
  doi         = {10.1145/1292597.1292608},
  isbn        = {978-1-59593-677-6},
}

## Linear logic, polarisation
@article{Andreoli92,
  author      = {Jean{-}Marc Andreoli},
  title       = {Logic Programming with Focusing Proofs in Linear Logic},
  journal     = {J. Log. Comput.},
  volume      = {2},
  number      = {3},
  pages       = {297--347},
  year        = {1992},
  url         = {http://dx.doi.org/10.1093/logcom/2.3.297},
  doi         = {10.1093/logcom/2.3.297},
}

## HoTT
@unpublished{AngBruCoqHouHarLic17,
  author      = {Carlo Angiuli and Guillaume Brunerie and Thierry Coquand and Kuen-Bang Hou (Favonia) and Robert Harper and Daniel R. Licata},
  title       = {Cartesian Cubical Type Theory},
  year        = {2017},
  note        = {On ArXiv},
}

## HoTT
@Article{AngiuliHarperWilson16,
  author      = {Carlo Angiuli and Robert Harper and Todd Wilson},
  title       = {Computational Higher Type Theory {I:} Abstract Cubical Realizability},
  journal     = {CoRR},
  volume      = {abs/1604.08873},
  year        = {2016},
  url         = {http://arxiv.org/abs/1604.08873},
}

@Article{AngiuliHarper16,
  author      = {Carlo Angiuli and Robert Harper},
  title       = {Computational Higher Type Theory {II:} Dependent Cubical Realizability},
  journal     = {CoRR},
  volume      = {abs/1606.09638},
  year        = {2016},
  url         = {http://arxiv.org/abs/1606.09638},
}

@Article{AngiuliHouHarper17,
  author      = {{Angiuli}, Carlo and {Hou}, Kuen.-Bang. and {Harper}, Robert},
  title       = "{Computational Higher Type Theory III: Univalent Universes and Exact Equality}",
  journal     = {ArXiv e-prints},
  year        = 2017,
  month       = dec,
}

## Kripke semantics, local state
@inproceedings{AppelMelliesRichardsVouillon07,
  author      = {Appel, Andrew W. and Melli\`{e}s, Paul-Andr\'{e} and
                 Richards, Christopher D. and Vouillon, J\'{e}r\^{o}me},
  title       = {A very modal model of a modern, major, general type system},
  booktitle   = {Proceedings of the 34th annual ACM SIGPLAN-SIGACT
                 symposium on Principles of programming languages},
  series      = {POPL '07},
  year        = {2007},
  isbn        = {1-59593-575-4},
  location    = {Nice, France},
  pages       = {109--122},
  numpages    = {14},
  url         = {http://doi.acm.org/10.1145/1190216.1190235},
  doi         = {http://doi.acm.org/10.1145/1190216.1190235},
  acmid       = {1190235},
  publisher   = {ACM},
  address     = {New York, NY, USA},
}

## Call-by-need
@inproceedings{AriolaDownenHerbelinNakataSaurin12,
  author      = {Zena M. Ariola and Paul Downen and Hugo Herbelin and 
                 Keiko Nakata and Alexis Saurin},
  title       = {Classical call-by-need sequent calculi: The unity of 
                 semantic artifacts},
  booktitle   = {Functional and Logic Programming - 11th International
                 Symposium, FLOPS 2012, Kobe, Japan, May 23-25, 2012. 
                 Proceedings},
  series      = {Lecture Notes in Computer Science},
  editor      = {Tom Schrijvers and Peter Thiemann},
  publisher   = {Springer},
  volume      = {7294},
  pages       = {32-46},
  year        = {2012},
  isbn        = {978-3-642-29821-9},
  ee          = {http://dx.doi.org/10.1007/978-3-642-29822-6},
}

## Computational classical logic, Control operators
@inproceedings{AriHer03,
  author      = {Zena M. Ariola and Hugo Herbelin},
  title       = {Minimal Classical Logic and Control Operators},
  booktitle   = {Thirtieth International Colloquium on Automata, Languages 
                 and Programming , {ICALP}'03,
                 Eindhoven, The Netherlands, June 30 - July 4, 2003},
  publisher   = {Springer-Verlag},
  series      = lncs,
  volume      = {2719},
  pages       = {871-885},
  year        = {2003}
}

## Control operators, Delimited control
@InProceedings{AriHerSab04,
  author      = {Zena M. Ariola and Hugo Herbelin and Amr Sabry},
  title       = {A Type-Theoretic Foundation of Continuations and Prompts},
  pages       = {40-53},
  booktitle   = {Proceedings of the Ninth ACM SIGPLAN International Conference on Functional Programming, ICFP 2004, Snowbird, UT, USA, September 19-21, 2004},
  year        = 2004,
  publisher   = acm
}

## Computational classical logic, Control operators
## Was AriHerSab05a
@article{AriolaHerbelinSabry07,
  author      = {Zena M. Ariola and Hugo Herbelin and Amr Sabry},
  title       = {A Proof-Theoretic Foundation of Abortive Continuations},
  journal     = {Higher Order and Symbolic Computation},
  year        = 2007,
  volume      = 20,
  number      = 4,
  month       = Dec,
  pages       = {403-429},
  issn        = {1388-3690},
  doi         = {http://dx.doi.org/10.1007/s10990-007-9007-z},
  publisher   = {Kluwer Academic Publishers},
  address     = {Hingham, MA, USA},
}

## Control operators, Delimited control
## Was AriHerSab07
@article{AriolaHerbelinSabry09,
  author      = {Zena M. Ariola and Hugo Herbelin and Amr Sabry},
  title       = {A Type-Theoretic Foundation of Delimited Continuations},
  journal     = {Higher Order and Symbolic Computation},
  year        = 2009,
  volume      = 22,
  number      = 3,
  month       = Sep,
  pages       = {233-273},
  issn        = {1388-3690},
  doi         = {http://dx.doi.org/10.1007/s10990-007-9006-0},
  note        = {online from 2007}
}

## Computational classical logic, Control operators
@article{AriHer07,
  author      = {Zena M. Ariola and Hugo Herbelin},
  title       = {Control Reduction Theories: the Benefit of Structural
                 Substitution},
  journal     = {Journal of Functional Programming},
  publisher   = {Cambridge University Press},
  year        = {2008},
  volume      = {18},
  number      = {3},
  month       = {May},
  pages       = {373-419},
  doi         = {10.1017/S0956796807006612}
}

@inproceedings{AriHerSau11,
  author      = {Zena M. Ariola and Hugo Herbelin and Alexis Saurin},
  title       = {Classical Call-by-Need and Duality},
  booktitle   = {Typed Lambda Calculi and Applications - 10th International
                 Conference, TLCA 2011, Novi Sad, Serbia, June 1-3, 2011.
                 Proceedings},
  editor      = {C.-H. Luke Ong},
  pages       = {27-44},
  publisher   = {Springer},
  series      = {Lecture Notes in Computer Science},
  volume      = {6690},
  year        = {2011},
  ee          = {http://dx.doi.org/10.1007/978-3-642-21691-6_6},
}

## Lambda calculus
@article{AriFel93,
  author      = {Zena Ariola and Matthias Felleisen},
  title       = {The Call-By-Need Lambda Calculus},
  journal     = jfp,
  year        = {1993},
  volume      = {7},
  number      = {3},
  pages       = {265-301},
  bibsource   = {DBLP, http://dblp.uni-trier.de}
}

@article{Matita,
  author      = {Andrea Asperti and
                 Wilmer Ricciotti and
                 Claudio Sacerdoti Coen and
                 Enrico Tassi},
  title       = {Formal Metatheory of Programming Languages in the {Matita}
                 Interactive Theorem Prover},
  journal     = {J. Autom. Reasoning},
  volume      = {49},
  number      = {3},
  year        = {2012},
  pages       = {427-451},
  ee          = {http://dx.doi.org/10.1007/s10817-011-9228-z},
  bibsource   = {DBLP, http://dblp.uni-trier.de}
}

@article{Avigad00,
  author      = {Jeremy Avigad},
  title       = {Interpreting Classical Theories in Constructive Ones},
  journal     = {J. Symb. Log.},
  volume      = {65},
  number      = {4},
  pages       = {1785--1812},
  year        = {2000},
  url         = {https://doi.org/10.2307/2695075},
  doi         = {10.2307/2695075},
}

@article{Avigad04,
  author      = {Jeremy Avigad},
  title       = {Forcing in proof theory},
  journal     = {Bulletin of Symbolic Logic},
  volume      = {10},
  number      = {3},
  pages       = {305--333},
  year        = {2004},
  url         = {http://www.math.ucla.edu/\%7Easl/bsl/1003/1003-001.ps},
}

## HoTT
@Article{Awodey16,
  author      = {{Awodey}, S.},
  title       = "{A cubical model of homotopy type theory}",
  journal     = {ArXiv e-prints},
  archivePrefix = "arXiv",
  eprint      = {1607.06413},
  primaryClass = "math.CT",
  keywords    = {Mathematics - Category Theory, Mathematics - Logic},
  year        = 2016,
  month       = jul,
}

## HoTT
@unpublished{Awodey16note,
  author      = {Steve Awodey},
  title       = {Notes on cubical models of type theory},
  year        = 2016,
  note        = {Available at https://github.com/awodey/math/Cubical}
}

## HoTT
@article{AwodeyWarren09,
  author    = {Awodey, Steve and Warren, Michael A.},
  title     = {Homotopy theoretic models of identity types},
  volume    = {146},
  ISSN      = {1469-8064},
  url       = {http://dx.doi.org/10.1017/S0305004108001783},
  DOI       = {10.1017/s0305004108001783},
  number    = {1},
  journal   = {Mathematical Proceedings of the Cambridge Philosophical Society},
  publisher = {Cambridge University Press (CUP)},
  year      = {2009},
  month     = {Jan},
  pages     = {45–55}
}

## Computational classical logic
@article{BabHirKen01,
  author      = {Kensuke Baba and Sachio Hirokawa and {Ken-etsu} Fujita},
  title       = {Parallel Reduction in Type Free $\lambda\mu$-Calculus},
  journal     = {Electronic Notes in Theoretical Computer Science},
  volume      = 42 ,
  year        = 2001,
  pages       = {52-66}
}

## Computational classical logic
@inproceedings{BakLenLes05,
  author      = {van Bakel, Steffen and
                 Stephane Lengrand and
                 Pierre Lescanne},
  title       = {The Language X: Circuits, Computations and Classical Logic},
  booktitle   = {Theoretical Computer Science, 9th Italian Conference, ICTCS
                 2005, Siena, Italy, October 12-14, 2005, Proceedings},
  publisher   = {Springer},
  editor      = {Mario Coppo and
                 Elena Lodi and
                 G. Michele Pinna},
  series      = lncs,
  volume      = {3701},
  year        = {2005},
  pages       = {81-96},
  ee          = {http://dx.doi.org/10.1007/11560586_8},
  isbn        = {3-540-29106-7},
}

## Computational classical logic
@article{BarBer96a,
  author      = {Franco Barbanera and Stefano Berardi},
  title       = {A symmetric $\lambda$-calculus for classical program extraction},
  journal     = {Information and Computation},
  year        = {1996},
  volume      = {125},
  number      = {2},
  pages       = {103--117}
}

## Classical choice
@article{BarBer96b,
  author      = {Franco Barbanera and Stefano Berardi},
  title       = {Proof-irrelevance out of Excluded Middle and Choice in the
                 Calculus of Constructions},
  journal     = jfp,
  volume      = 6,
  number      = 3,
  pages       = {519-525},
  year        = 1996
}

## Lambda calculus
@article{BarDezLig95,
  author      = {Franco Barbanera and Mariangiola Dezani-Ciancaglini and 
                 Ugo De'Liguoro},
  title       = {Intersection and union types: syntax and semantics},
  journal     = {Inf. Comput.},
  volume      = {119},
  number      = {2},
  year        = {1995},
  issn        = {0890-5401},
  pages       = {202--230},
  doi         = {http://dx.doi.org/10.1006/inco.1995.1086},
  publisher   = {Academic Press, Inc.},
  address     = {Duluth, MN, USA},
}

## Lambda calculus
@book{Barendregt84,
  author      = {Henk P. Barendregt},
  title       = {The Lambda Calculus: Its Syntax and Semantics},
  publisher   = {North Holland},
  address     = {Amsterdam},
  year        = {1984}
}

@article{Barendregt91,
  author      = {Barendregt, Henk},
  title       = {{An Introduction to Generalized Type Systems}},
  journal     = {Journal of Functional Programming},
  keywords    = {dependent-types, functional-programming, type-theory},
  month       = apr,
  number      = {2},
  pages       = {125--154},
  volume      = {1},
  year        = {1991}
}

@article{BarrasCoquandHuber15,
  author      = {Bruno Barras and Thierry Coquand and Simon Huber},
  title       = {A generalization of the Takeuti-Gandy interpretation},
  journal     = {Mathematical Structures in Computer Science},
  volume      = {25},
  number      = {5},
  pages       = {1071--1099},
  year        = {2015},
  url         = {https://doi.org/10.1017/S0960129514000504},
  doi         = {10.1017/S0960129514000504},
}

## Type theory
@inproceedings{Barthe98,
  author      = {Gilles Barthe},
  title       = {Existence and Uniqueness of Normal Forms in Pure Type Systems
                 with betaeta-Conversion},
  year        = {1998},
  pages       = {241-259},
  editor      = {Georg Gottlob and
                 Etienne Grandjean and
                 Katrin Seyr},
  booktitle   = {Computer Science Logic, 12th International Workshop, CSL
                 '98, Annual Conference of the EACSL, Brno, Czech Republic,
                 August 24-28, 1998, Proceedings},
  publisher   = {Springer},
  series      = {Lecture Notes in Computer Science},
  volume      = {1584},
  isbn        = {3-540-65922-6},
}

## Set theory
@book{Barwise75,
  author      = {Jon Barwise},
  title       = {Admissible Sets and Structures: An Approach to Definability 
                 Theory},
  series      = {Perspectives in Mathematical Logic},
  volume      = 7,
  publisher   = {Springer-Verlag},
  year        = 1975,
  address     = "Berlin",
}

## Proof theory, completeness
@conference {HandbookBarwise,
  title       = {An introduction to first-order logic},
  author      = {Jon Barwise},
  booktitle   = {Handbook of Mathematical Logic},
  year        = {1977},
  pages       = {5-46},
  series      = {Studies in Logic and The Foundations of Mathematics},
  volume      = 90,
  publisher   = {Elsevier},
  editor      = {Jon Barwise}
}

@TechReport{Berardi88,
  author      = {Stefano Berardi},
  title       = {Towards a mathematical analysis of the Coquand–Huet calculus
                 of constructions and the other systems in Barendregt's cube},
  number      = {66-WSK-05},
  institution = {Department of Computer Science, CMU, and 
                 Dipartimento Matematica, Universit\'a di Torino},
  year        = 1988
}

@article{Berardi99,
  author      = {Stefano Berardi},
  title       = {Intuitionistic Completeness for First Order Classical Logic},
  journal     = {J. Symb. Log.},
  volume      = {64},
  number      = {1},
  year        = {1999},
  pages       = {304--312},
  ee          = {http://projecteuclid.org/euclid.jsl/1183745707},
}

##
@article{BerBezCoq98,
  author      = {Stefano Berardi and Marc Bezem and Thierry Coquand},
  title       = {On the Computational Content of the Axiom of Choice},
  journal     = {J. Symb. Log.},
  volume      = {63},
  number      = {2},
  year        = {1998},
  pages       = {600-622},
  ee          = {http://projecteuclid.org/euclid.jsl/1183745524},
  bibsource   = {DBLP, http://dblp.uni-trier.de}
}

##
@article{BerardiValentini04,
  author      = {Stefano Berardi and Silvio Valentini},
  title       = {Krivine's intuitionistic proof of classical completeness
                 (for countable languages)},
  journal     = {Ann. Pure Appl. Logic},
  volume      = {129},
  number      = {1-3},
  year        = {2004},
  pages       = {93-106},
  ee          = {http://dx.doi.org/10.1016/j.apal.2004.01.002}
}

@article{BergGarner08,
  author      = {{van den Berg}, B. and {Garner}, R.},
  title       = "{Types are weak omega-groupoids}",
  journal     = {ArXiv e-prints},
  primaryClass = "math.LO",
  keywords    = {Mathematics - Logic, Mathematics - Category Theory, 03B15, 18D05 (Primary) 18D50 (Secondary)},
  year        = 2008,
  month       = dec,
}

## Fan Theorem
@inproceedings{JBerger05,
  author      = {Berger, Josef},
  title       = {The Fan Theorem and Uniform Continuity},
  year        = {2005},
  isbn        = {3540261796},
  publisher   = {Springer-Verlag},
  address     = {Berlin, Heidelberg},
  booktitle   = {Proceedings of the First International Conference on Computability in Europe: New Computational Paradigms},
  pages       = {18–22},
  numpages    = {5},
  location    = {Amsterdam, The Netherlands},
  series      = {CiE'05}
}

## Fan Theorem
@article{Berger09,
  author      = {Josef Berger},
  title       = {A decomposition of {B}rouwer's fan theorem},
  journal     = {J. Logic {\&} Analysis},
  volume      = {1},
  year        = {2009},
  url         = {http://logicandanalysis.org/index.php/jla/article/view/20/15},
  timestamp   = {Tue, 25 Feb 2014 16:57:05 +0100},
  biburl      = {http://dblp.uni-trier.de/rec/bib/journals/jla/Berger09},
  bibsource   = {dblp computer science bibliography, http://dblp.org}
}

## Weak König Lemma, Fan Theorem
@article{BergerIshihara05,
  author       = {Berger, Josef and Ishihara, Hajime},
  title        = {Brouwer's fan theorem and unique existence in constructive analysis},
  journal      = {Mathematical Logic Quarterly},
  volume       = {51},
  number       = {4},
  pages        = {360-364},
  keywords     = {Constructive reverse mathematics, unique existence, Brouwer's fan theorem},
  year         = {2005}
}

## Weak König Lemma, Fan Theorem
@article{BergerIshiharaSchuster12,
  author      = {Josef Berger and Hajime Ishihara and Peter Schuster},
  title       = {The {W}eak {K}őnig {L}emma, {B}rouwer’s {F}an {T}heorem, {D}e {M}organ’s {L}aw, and {D}ependent {C}hoice},
  journal     = {Reports on Mathematical Logic},
  volume      = {2012},
  number      = {Number 47},
  year        = {2012},
  url         = {http://www.ejournals.eu/rml/2012/Number-47/art/1345/}
}

## Normalisation by evaluation
@inproceedings{Berger93,
  author      = {Ulrich Berger},
  title       = {Program Extraction from Normalization Proofs},
  booktitle   = {Typed Lambda Calculi and Applications, International Conference
                 on Typed Lambda Calculi and Applications, TLCA '93, Utrecht,
                 The Netherlands, March 16-18, 1993, Proceedings},
  year        = {1993},
  pages       = {91-106},
  editor      = {Marc Bezem and Jan Friso Groote},
  publisher   = {Springer},
  series      = {Lecture Notes in Computer Science},
  volume      = {664},
  isbn        = {3-540-56517-5},
}

## Intuitionism
@inproceedings{Berger04,
  author      = {Ulrich Berger},
  title       = {A Computational Interpretation of Open Induction},
  booktitle   = {19th IEEE Symposium on Logic in Computer Science (LICS 2004),
                 14-17 July 2004, Turku, Finland, Proceedings},
  year        = {2004},
  pages       = {326},
  ee          = {http://csdl.computer.org/comp/proceedings/lics/2004/2192/00/21920326abs.htm},
  publisher   = {IEEE Computer Society},
  isbn        = {0-7695-2192-4},
  bibsource   = {DBLP, http://dblp.uni-trier.de}
}

@article{Berger05,
  author      = {Ulrich Berger},
  title       = {Uniform Heyting arithmetic},
  journal     = {Ann. Pure Appl. Logic},
  volume      = {133},
  number      = {1-3},
  pages       = {125--148},
  year        = {2005},
  url         = {https://doi.org/10.1016/j.apal.2004.10.006},
  doi         = {10.1016/j.apal.2004.10.006},
}

## Normalisation by evaluation
@InProceedings{BergerSchwichtenberg91,
  author      = "Ulrich Berger and Helmut Schwichtenberg",
  title       = "An Inverse of the Evaluation Functional for Typed
                lambda-calculus",
  booktitle   = "Proceedings, Sixth Annual IEEE Symposium on Logic in
                Computer Science, 15-18 July, 1991, Amsterdam, The
                Netherlands",
  publisher   = "IEEE Computer Society",
  year        = 1991,
  pages       = "203--211",
  bibsource   = "DBLP, http://dblp.uni-trier.de"
}

## Normalisation by evaluation
@inproceedings{BerEbeSch98,
  author      = {Ulrich Berger and Matthias Eberl and Helmut Schwichtenberg},
  title       = {Normalisation by Evaluation},
  booktitle   = {Prospects for Hardware Foundations, ESPRIT Working Group
                 8533, NADA - New Hardware Design Methods, Survey Chapters},
  year        = {1998},
  pages       = {117-137},
  editor      = {Bernhard M{\"{o}}ller and J. V. Tucker},
  ee          = {http://link.springer.de/link/service/series/0558/bibs/1546/15460117.htm},
  publisher   = {Springer},
  volume      = {1546},
  isbn        = {3-540-65461-5},
  series      = {Lecture Notes in Computer Science},
}

## Normalisation by evaluation
@article{BerBerLetSch06,
  author      = {Ulrich Berger and Stefan Berghofer and
                 Pierre Letouzey and Helmut Schwichtenberg},
  title       = {Program Extraction from Normalization Proofs},
  journal     = {Studia Logica},
  volume      = {82},
  number      = {1},
  year        = {2006},
  pages       = {25-49},
  ee          = {http://dx.doi.org/10.1007/s11225-006-6604-5},
}

## Bar recursion
@article{BerOli06,
  author      = {Ulrich Berger and Paulo Oliva},
  title       = {Modified bar recursion},
  journal     = {Mathematical Structures in Computer Science},
  volume      = {16},
  number      = {2},
  year        = {2006},
  pages       = {163-183},
  ee          = {http://dx.doi.org/10.1017/S0960129506005093},
  bibsource   = {DBLP, http://dblp.uni-trier.de}
}

@article{BernardyCoquandMoulin15,
  author      = {Jean{-}Philippe Bernardy and Thierry Coquand and Guilhem Moulin},
  title       = {A Presheaf Model of Parametric Type Theory},
  journal     = {Electr. Notes Theor. Comput. Sci.},
  volume      = {319},
  pages       = {67--82},
  year        = {2015},
  url         = {https://doi.org/10.1016/j.entcs.2015.12.006},
  doi         = {10.1016/j.entcs.2015.12.006},
}

## Parametricity
@inproceedings{BernardyJanssonPeterson10,
  author      = {Jean{-}Philippe Bernardy and Patrik Jansson and Ross Paterson},
  title       = {Parametricity and dependent types},
  booktitle   = {Proceeding of the 15th {ACM} {SIGPLAN} international conference on
                 Functional programming, {ICFP} 2010, Baltimore, Maryland, USA, September
                 27-29, 2010},
  pages       = {345--356},
  year        = {2010},
  url         = {http://doi.acm.org/10.1145/1863543.1863592},
  doi         = {10.1145/1863543.1863592},
  editor      = {Paul Hudak and Stephanie Weirich},
  publisher   = {{ACM}},
  isbn        = {978-1-60558-794-3},
}

## Parametricity
@inproceedings{BernardyLasson11,
  author      = {Jean{-}Philippe Bernardy and Marc Lasson},
  title       = {Realizability and Parametricity in Pure Type Systems},
  booktitle   = {Foundations of Software Science and Computational Structures - 14th
                 International Conference, {FOSSACS} 2011, Held as Part of the Joint
                 European Conferences on Theory and Practice of Software, {ETAPS} 2011,
                 Saarbr{\"{u}}cken, Germany, March 26-April 3, 2011. Proceedings},
  pages       = {108--122},
  year        = {2011},
  series      = {Lecture Notes in Computer Science},
  volume      = {6604},
  publisher   = {Springer},
  url         = {https://doi.org/10.1007/978-3-642-19805-2_8},
  doi         = {10.1007/978-3-642-19805-2_8},
}

## Parametricity
@inproceedings{BernardyMoulin12,
  author      = {Bernardy, Jean-Philippe and Moulin, Guilhem},
  title       = {A Computational Interpretation of Parametricity},
  booktitle   = {Proceedings of the 2012 27th Annual IEEE/ACM Symposium on Logic in Computer Science},
  series      = {LICS '12},
  year        = {2012},
  isbn        = {978-0-7695-4769-5},
  location    = {New Orleans, Louisiana},
  pages       = {135--144},
  numpages    = {10},
  url         = {http://dx.doi.org/10.1109/LICS.2012.25},
  doi         = {10.1109/LICS.2012.25},
  acmid       = {2359499},
  publisher   = {IEEE Computer Society},
  address     = {Washington, DC, USA},
  keywords    = {Type structure, Lambda Calculus},
} 

## Not sure monad were there at that time
@book{BirdWadler88,
  author      = {Richard Bird and Philip Wadler},
  title       = {Introduction to functional programming},
  publisher   = {Prentice Hall},
  series      = {Prentice Hall International series in computer science},
  year        = {1988},
  isbn        = {978-0-13-484197-7},
  pages       = {I-XV, 1-293},
}

## Numbers unclear in this reference
@article{Beth55,
  author      = "Evert Willem Beth",
  title       = "Semantic entailment and formal derivability",
  journal     = "Meded. Kon. Ned. Akad. Wetenschappen, 
                 Afd. Letterhunde, N.R.",
  volume      = 18,
  pages       = "309-342",
  year        = 1955,
}

@inproceedings{BezemCoquandHuber13,
  author      = {Marc Bezem and Thierry Coquand and Simon Huber},
  title       = {A Model of Type Theory in Cubical Sets},
  booktitle   = {19th International Conference on Types for Proofs and Programs, {TYPES}
                 2013, April 22-26, 2013, Toulouse, France},
  pages       = {107--128},
  year        = {2013},
  url         = {https://doi.org/10.4230/LIPIcs.TYPES.2013.107},
  doi         = {10.4230/LIPIcs.TYPES.2013.107},
  editor      = {Ralph Matthes and Aleksy Schubert},
  series      = {LIPIcs},
  volume      = {26},
  publisher   = {Schloss Dagstuhl - Leibniz-Zentrum fuer Informatik},
}

## Type theory, Rewriting
@inproceedings{Blanqui01,
  author      = {Fr{\'e}d{\'e}ric Blanqui},
  title       = {Definitions by Rewriting in the Calculus of Constructions.},
  booktitle   = {Proceedings, 16th Annual IEEE Symposium on Logic in
                 Computer Science (LICS '01)},
  year        = {2001},
  pages       = {9-18},
  publisher   = {IEEE Computer Society Press},
}

## Type theory, Rewriting
@inproceedings{BlaJouOka99,
  author      = {Fr{\'e}d{\'e}ric Blanqui and Jean-Pierre Jouannaud and
                 Mitsuhiro Okada},
  title       = {The Calculus of Algebraic Constructions},
  booktitle   = {Rewriting Techniques and Applications, 10th International
                 Conference, RTA-99, Trento, Italy, July 2-4, 1999, 
                 Proceedings},
  editor      = {Paliath Narendran and Micha{\"{e}}l Rusinowitch},
  publisher   = {Springer},
  series      = lncs,
  volume      = {1631},
  year        = {1999},
  pages       = {301-316},
  bibsource   = {DBLP, http://dblp.uni-trier.de}
}

## Game semantics
@article{Blass92,
  author      = {Blass, Andreas},
  title       = {{A} game semantics for linear logic},
  journal     = {Annals of Pure and Applied Logic},
  volume      = 56,
  pages       = {183--220},
  year        = 1992,
}

## Computation classical logic, Abstract machines
@PhDThesis{Bohannon04,
  author      = {Aaron Bohannon},
  title       = {Sequent Calculus and Abstract Machines},
  school      = {University of Oregon},
  type        = {Master of Science in Computer Science},
  year        = 2004
}

@article{BohmBerarducci85,
  author      = {Corrado B{\"{o}}hm and
                 Alessandro Berarducci},
  title       = {Automatic Synthesis of Typed Lambda-Programs on Term Algebras},
  journal     = {Theor. Comput. Sci.},
  volume      = {39},
  pages       = {135--154},
  year        = {1985},
  url         = {https://doi.org/10.1016/0304-3975(85)90135-5},
  doi         = {10.1016/0304-3975(85)90135-5},
  timestamp   = {Fri, 02 Nov 2018 09:30:35 +0100},
  biburl      = {https://dblp.org/rec/bib/journals/tcs/BohmB85},
  bibsource   = {dblp computer science bibliography, https://dblp.org}
}

##
@inCollection{Brouwer23,
  author      = {Luitzen Egbertus Jan Brouwer},
  title       = {On the significance of the principle of excluded middle in
                 mathematics, especially in function theory},
  editors     = {J. van Heijenoort},
  booktitle   = {From Frege to G{\"{o}}del: A Source Book in Mathematical Logic},
  page        = {334--341},
  publisher   = {Harvard University Press},
  note        = {original version in German ``{{	Begründung der Funktionenlehre unabhängig vom logischen Satz vom ausgeschlossenen Dritten}}'', 1923} 
}

## Proof assistant
@TechReport{deBruijn68,
  author      = {Nicolaas de Bruijn},
  title       = {AUTOMATH, a language for mathematics},
  number      = {66-WSK-05},
  institution = {Technological University Eindhoven},
  month       = Nov,
  year        = 1968
}

## Lambda calculus
@TechReport{deBruijn78,
  author      = {Nicolaas de Bruijn},
  title       = {A namefree lambda calculus with facilities for internal
                 definition of expressions and segments},
  number      = {78-WSK-03},
  institution = {Technological University Eindhoven},
  year        = 1978
}

## HoTT
@Unpublished{Brunerie12,
  author      = {Guillaume Brunerie},
  title       = {Syntactic {G}rothendieck weak $\infty$-groupoids},
  year        = 2013,
  note        = {Available at 
                 http://uf-ias-2012.wikispaces.com/file/view/SyntacticInfinityGroupoidsRawDefinition.pdf}
}

## HoTT
@PhDThesis{BruneriePhD,
  author      = {Guillaume Brunerie},
  title       = {On the homotopy groups of spheres in homotopy type theory},
  month       = Jun,
  year        = 2016,
  note        = {Available at https://arxiv.org/pdf/1606.05916.pdf}
}

## HoTT
@inproceedings{LicataBrunerie15,
  author      = {Daniel R. Licata and Guillaume Brunerie},
  title       = {A Cubical Approach to Synthetic Homotopy Theory},
  booktitle   = {30th Annual {ACM/IEEE} Symposium on Logic in Computer Science, {LICS}
                 2015, Kyoto, Japan, July 6-10, 2015},
  pages       = {92--103},
  year        = {2015},
  publisher   = {{IEEE} Computer Society},
  url         = {https://doi.org/10.1109/LICS.2015.19},
  doi         = {10.1109/LICS.2015.19},
}

## HoTT
@ARTICLE{BuchholtzMorehouse17,
  author      = {{Buchholtz}, U. and {Morehouse}, E.},
  title       = "{Varieties of Cubical Sets}",
  journal     = {ArXiv e-prints},
  year        = 2017,
  month       = jan
}

## Proof theory, completeness
@conference {HandbookBuss,
  title       = {An introduction to Proof Theory},
  author      = {Samuel R. Buss},
  booktitle   = {Handbook of Proof Theory},
  year        = {1998},
  pages       = {1-78},
  publisher   = {North-Holland},
  organization = {North-Holland},
  editor      = {Samuel R. Buss}
}

## Abstract machines
@inproceedings{Cardelli84,
  author      = {Luca Cardelli},
  title       = {Compiling a Functional Language},
  booktitle   = {LISP and Functional Programming},
  year        = {1984},
  pages       = {208-217},
  bibsource   = {DBLP, http://dblp.uni-trier.de}
}

@InCollection{CardoneHindley06,
  author      = {Felice Cardone and J. Roger Hindley},
  title       = {History of Lambda-calculus and Combinatory Logic},
  booktitle   = {Handbook of the History of Logic, Logic from Russell to Church},
  editor      = {D. M. Gabbay and J. Woods},
  publisher   = {Elsevier},
  address     = {Amsterdam},
  volume      = 5,
  pages       = {723--817},
  year        = 2009
}

@article{Carlstrom04,
  author      = {Jesper Carlstr{\"{o}}m},
  title       = {{EM} + Ext- + ACint is equivalent to ACext},
  journal     = {Math. Log. Q.},
  volume      = {50},
  number      = {3},
  pages       = {236--240},
  year        = {2004},
  url         = {https://doi.org/10.1002/malq.200410100},
  doi         = {10.1002/malq.200410100},
}

@article{CarCurFel94,
  author      = {Robert Cartwright and Pierre-Louis Curien and
                 Matthias Felleisen},
  title       = {Fully Abstract Semantics for Observably Sequential Languages},
  journal     = {Inf. Comput.},
  volume      = {111},
  number      = {2},
  year        = {1994},
  pages       = {297-401},
}

@PhDThesis{Cavallo15,
  author      = {Evan Cavallo},
  title       = {Synthetic cohomology in homotopy type theory},
  school      = {Carnegie Mellon University},
  type        = {Master thesis},
  month       = Dec,
  year        = 2015
}

@Article{CavalloHarper18,
  author      = {{Cavallo}, Evan and {Harper}, Robert},
  title       = {Computational Higher Type Theory IV: Inductive Types},
  journal     = {ArXiv e-prints},
  month       = jan,
  year        = 2018,
}

## Proof theory, algebra
@manuscript{CederquistCoquand00,
  author      = {Jan Cederquist and Thierry Coquand},
  title       = {Entailment Relations and Distributive Lattices},
  year        = 2000,
}

## Spine calculus
@inproceedings{CervesatoPfenning97,
  author      = {Iliano Cervesato and Frank Pfenning},
  title       = {Linear Higher-Order Pre-Unification},
  booktitle   = {Proceedings, 12th Annual {IEEE} Symposium on Logic in Computer Science,
                 Warsaw, Poland, June 29 - July 2, 1997},
  pages       = {422--433},
  year        = {1997},
  url         = {http://dx.doi.org/10.1109/LICS.1997.614967},
  doi         = {10.1109/LICS.1997.614967},
  publisher   = {{IEEE} Computer Society},
  isbn        = {0-8186-7925-5},
}

## Fan Theorem
@phdthesis{Cheung15,
  title       = {Brouwer’s Fan Theorem: An Overview},
  author      = {Crystal Cheung},
  type        = {Master thesis},
  school      = {Cornell University},
  year        = {2015}
}

## Type theory
@article{Church32,
  author      = {Alonzo Church},
  title       = {A set of Postulates for the foundation of Logic},
  journal     = {Annals of Mathematics},
  year        = {1932},
  volume      = {2},
  pages       = {33, 346-366}
}

## HOL
@article{Church40,
  author      = {Alonzo Church},
  journal     = {The Journal of Symbolic Logic},
  number      = {2},
  pages       = {56--68},
  publisher   = {Association for Symbolic Logic},
  title       = {A Formulation of the Simple Theory of Types},
  volume      = {5},
  year        = {1940}
}

@book{Church56,
  author      = {Alonzo Church},
  title       = {Introduction to Mathematical Logic},
  publisher   = {The Princeton University Press},
  volume      = 1,
  year        = {1956}
}

## Lambda calculus
@article{ChuRos36,
  author      = {Alonzo Church and J. Barkley Rosser},
  title       = {Some properties of conversion},
  journal     = {Trans. Am. Math. Soc.},
  volume      = 39,
  pages       = {472-482},
  year        = 1936
}

@inProceedings{ClingerFriedmanWand85,
  author      = {William Clinger, Daniel P. Friedman, Mitchell Wand},
  title       = {A scheme for a higher-level semantic algebra},
  booktitle   = {Algebraic methods in semantics: Proceedings of the US-French Seminar on the Application
                 of Algebra to Language Definition and Compilation (Fontainebleau, France, June 82)},
  year        = 1985,
  editors     = {John Reynolds and Maurice Nivat},
  pages       = {237-250},
  publisher   = {Cambridge University Press},
  address     = {Cambridge},
  note        = {Appeared as a Technical Report of the University of Indiana in 1983},
}

## HoTT, cubical type theory
@InProceedings{CohCoqHubMor16,
  author      = {Cyril Cohen and Thierry Coquand and Simon Huber and Anders M{\"{o}}rtberg},
  title       = {{Cubical Type Theory: A Constructive Interpretation of the Univalence Axiom}},
  booktitle   = {TYPES 2015},
  pages       = {5:1--5:34},
  series      = {LIPIcs},
  ISBN        = {978-3-95977-030-9},
  ISSN        = {1868-8969},
  year        = {2018},
  volume      = {69},
  editor      = {Tarmo Uustalu},
  publisher   = {Schloss Dagstuhl},
  URL         = {http://drops.dagstuhl.de/opus/volltexte/2018/8475},
  URN         = {urn:nbn:de:0030-drops-84754},
  doi         = {10.4230/LIPIcs.TYPES.2015.5},
  annote      = {Keywords: univalence axiom, dependent type theory, cubical sets}
}

## Proof assistant
@manual{Coq08,
  author      = {{Coq} {Development} {Team}, The},
  title       = {The {Coq} Reference Manual, version 8.2},
  month       = Sep,
  year        = {2008},
  note        = {Distributed electronically at \url{http://coq.inria.fr/doc}}
}

@manual{Coq10,
  author      = {{Coq} {Development} {Team}, The},
  title       = {The {Coq} Reference Manual, version 8.3},
  month       = Nov,
  year        = {2010},
  note        = {Distributed electronically at \url{http://coq.inria.fr/doc}}
}

@manual{Coq12,
  author      = {{Coq} {Development} {Team}, The},
  title       = {The {Coq} Reference Manual, version 8.4},
  month       = Nov,
  year        = {2012},
  note        = {Distributed electronically at \url{http://coq.inria.fr/doc}}
}

@manual{Coq16,
  author      = {{Coq} {Development} {Team}, The},
  title       = {The {Coq} Reference Manual, version 8.5},
  month       = Jan,
  year        = {2016},
  note        = {Distributed electronically at \url{http://coq.inria.fr/doc}}
}

@manual{Coq16b,
  author      = {{Coq} {Development} {Team}, The},
  title       = {The {Coq} Reference Manual, version 8.6},
  month       = Dec,
  year        = {2016},
  note        = {Distributed electronically at \url{http://coq.inria.fr/doc}}
}

@manual{Coq17a,
  author      = {{Coq} {Development} {Team}, The},
  title       = {The {Coq} Reference Manual, version 8.7},
  month       = Oct,
  year        = {2017},
  note        = {Distributed electronically at \url{http://coq.inria.fr/doc}}
}

@manual{Coq17,
  author      = {{Coq} {Development} {Team}, The},
  title       = {The {Coq} Reference Manual, version 8.7},
  month       = Oct,
  year        = {2017},
  note        = {Distributed electronically at \url{http://coq.inria.fr/doc}}
}

@manual{Coq18,
  author      = {{Coq} {Development} {Team}, The},
  title       = {The {Coq} Reference Manual, version 8.8},
  month       = Oct,
  year        = {2018},
  note        = {Distributed electronically at \url{http://coq.inria.fr/doc}}
}

@manual{Coq19a,
  author      = {{Coq} {Development} {Team}, The},
  title       = {The {Coq} Reference Manual, version 8.9},
  month       = Oct,
  year        = {2019},
  note        = {Distributed electronically at \url{http://coq.inria.fr/doc}}
}

@techreport{Coqstdlib12,
  author      = {{Coq} {Development} {Team}, The},
  title       = {The {Coq} standard library, version 8.4},
  month       = Nov,
  year        = {2012},
  note        = {Distributed electronically at \url{http://coq.inria.fr/stdlib}}
}

## Normalisation by evaluation
@article{Coquand02,
 author       = {Catarina Coquand},
 title        = {A Formalised Proof of the Soundness and Completeness of a
                 Simply Typed Lambda-Calculus with Explicit Substitutions},
 journal      = {Higher Order Symbol. Comput.},
 volume       = {15},
 number       = {1},
 year         = {2002},
 issn         = {1388-3690},
 pages        = {57--90},
 doi          = {http://dx.doi.org/10.1023/A:1019964114625},
 publisher    = {Kluwer Academic Publishers},
 address      = {Hingham, MA, USA},
}

## Type theory
@PhDThesis{Coquand85,
  author      = "Thierry Coquand",
  title       = {Une th\'eorie des Constructions},
  school      = {University Paris 7},
  type        = {Dissertation},
  month       = jan,
  year        = 1985
}

## Type theory
@inCollection{Coquand90,
  author      = "Thierry Coquand",
  title       = "Metamathematical investigations of a calculus of 
                 constructions",
  booktitle   = "Logic and Computer Science",
  editor      = "P. Odifreddi",
  publisher   = "Academic Press",
  series      = "Apic Series 31",
  pages       = "91--122",
  year        = 1990,
  note        = "Also INRIA research report RR-1088"
}

## Type theory
@InProceedings{Coquand92,
  author      = {Thierry Coquand},
  title       = {{Pattern Matching with Dependent Types}},
  booktitle   = {Proceedings of the 1992 Workshop on Types for Proofs and 
                Programs},
  year        = {1992},
  editor      = {B. Nordstr\"om and K. Petersson and G. Plotkin},
}

## Computational classical logic, Game semantics
@article{Coquand95,
  author      = {Thierry Coquand},
  title       = {A Semantics of Evidence for Classical Arithmetic},
  journal     = jsl,
  volume      = {60},
  number      = {1},
  year        = {1995},
  pages       = {325-337},
}

@incollection{Coquand96,
 author       = {Thierry Coquand},
 title        = {Computational Content of Classical Logic},
 booktitle    = {Semantics and Logics of Computation},
 editor       = {P.~Dybjer and A.~M.~Pitts},
 publisher    = {Cambridge University Press},
 series       = {Publications of the Newton Institute},
 year         = 1996,
 pages        = {470--517},
}

@article{Coquand97,
  title       = {A note on the open induction principle},
  author      = {Coquand, Thierry},
  journal     = {Chalmers University},
  year        = {1997}
}
@article{Coquand04,
  title       = {About Brouwer's Fan Theorem},
  year        = {2004},
  journal     = {Revue Internationale de Philosophie},
  volume      = {230},
  author      = {Thierry Coquand},
  pages       = {483--489}
}

@unpublished{Coquand14diag,
 author       = {Thierry Coquand},
 title        = {Variation on Cubical sets},
 year         = 2014,
 url          = {http://www.cse.chalmers.se/~coquand/diag.pdf},
 note         = {April version, August revised version in http://www.cse.chalmers.se/~coquand/diag1.pdf}
}

@unpublished{Coquand14comp,
 author       = {Thierry Coquand},
 title        = {Variation on Cubical sets},
 year         = 2014,
 url          = {http://www.cse.chalmers.se/~coquand/comp.pdf},
}

## Axiom of choice
@article{CoquandLombardi06,
  title        = {A logical approach to abstract algebra},
  volume       = {16},
  number       = {5},
  journal      = {Mathematical Structures in Computer Science},
  publisher    = {Cambridge University Press},
  author       = {Thierry Coquand and Henri Lombardi},
  year         = {2006},
  pages        = {885–900},
  note         = {See also \url{http://www.cse.chalmers.se/~coquand/formal.html}}
}

## Normalisation by evaluation
@article{CoquandDybjer97,
  author      = {Thierry Coquand and Peter Dybjer},
  title       = {Intuitionistic Model Constructions and Normalization Proofs},
  journal     = {Mathematical Structures in Computer Science},
  volume      = {7},
  number      = {1},
  pages       = {75--94},
  year        = {1997},
}

## Type theory
@article{CoqHer94a,
  author      = {Thierry Coquand and Hugo Herbelin},
  title       = {A-Translation and Looping Combinators in Pure Type Systems},
  journal     = {Journal of Functional Programming},
  pages       = {77--88},
  publisher   = {Cambridge University Press},
  volume      = {4},
  number      = {1},
  year        = {1994}
}

## Computational classical logic
@Unpublished{CoqHer94b,
  author      = {Thierry Coquand and Hugo Herbelin},
  title       = {Some remarks on Novikoff's calculus},
  year        = {1994},
  note        = {Unpublished}
}

## 
@article{CoquandHofmann99,
  author      = {Thierry Coquand and Martin Hofmann},
  title       = {A new method for establishing conservativity of classical
                 systems over their intuitionistic version},
  journal     = {Mathematical Structures in Computer Science},
  volume      = {9},
  number      = {4},
  year        = {1999},
  pages       = {323-333},
  bibsource   = {DBLP, http://dblp.uni-trier.de}
}

## Type theory
@InProceedings{CoqHue85a,
  author      = {Thierry Coquand and Gérard Huet},
  title       = {{Constructions : A Higher Order Proof System for Mechanizing Mathematics}},
  address     = {Linz},
  booktitle   = {EUROCAL'85},
  publisher   = SV,
  series      = LNCS,
  volume      = {203},
  year        = {1985}
}

## Type theory
@inproceedings{CoqPau89,
  author      = {Thierry Coquand and Christine Paulin-Mohring},
  booktitle   = {Proceedings of Colog'88},
  editor      = {P. Martin-L\"of and G. Mints},
  publisher   = SV,
  series      = lncs,
  title       = {Inductively defined types},
  volume      = {417},
  year        = {1990}
}

@article{CoquandSambinSmithValentini03,
  author      = "Thierry Coquand and Giovanni Sambin and Jan Smith and Silvio Valentini",
  title       = "Inductively generated formal topologies",
  doi         = "10.1016/S0168-0072(03)00052-6",
  issn        = "0168-0072",
  journal     = "Annals of Pure and Applied Logic",
  keywords    = "Inductive definitions, Formal topology, Predicative systems",
  number      = "1",
  pages       = "71–106",
  url         = "http://www.sciencedirect.com/science/article/pii/S0168007203000526",
  volume      = "124",
  year        = "2003"
}

##
@PhDThesis{CrolardPhD,
  author      = {Tristan Crolard},
  title       = {Extension de l'isomorphisme de {C}urry-{H}oward au traitement des 
                 exceptions},
  school      = {University Paris 7},
  type        = {{Ph.D.} Thesis},
  month       = dec,
  year        = 1996
}

## 
@article{Crolard99,
  author      = {Tristan Crolard},
  title       = {A confluent lambda-calculus with a catch/throw mechanism},
  journal     = {J. Funct. Program.},
  volume      = {9},
  number      = {6},
  year        = {1999},
  pages       = {625-647},
  bibsource   = {DBLP, http://dblp.uni-trier.de}
}

## Intuitionistic logic, Subtraction
@article{Crolard01,
  author      = {Tristan Crolard},
  title       = {Subtractive logic},
  journal     = tcs,
  volume      = {254},
  number      = {1-2},
  year        = {2001},
  issn        = {0304-3975},
  pages       = {151-185},
  publisher   = {Elsevier Science Publishers Ltd.},
}

## Abstract machines, Game semantics
@inproceedings{CurHer98,
  author      = {Pierre-Louis Curien and Hugo Herbelin},
  title       = {Computing with Abstract {B}\"ohm Trees},
  booktitle   = {Fuji International Symposium on Functional and Logic
                 Programming (FLOPS '98), Kyoto, Japan, April 2-4, 1998},
  publisher   = {World Scientific, Singapore},
  editor      = {Masahiko Sato and Yoshihito Toyama},
  pages       = {20--39},
  year        = {1998},
  isbn        = {981-02-3384-1}
}

## Computational classical logic, Sequent calculus, Lambda calculus
@inproceedings{CurHer00,
  author      = {Pierre-Louis Curien and Hugo Herbelin},
  title       = {The duality of computation},
  booktitle   = {Proceedings of the Fifth ACM SIGPLAN International Conference
      on Functional Programming, ICFP 2000, Montreal, Canada,
      September 18-21, 2000},
  pages       = {233--243},
  publisher   = {ACM},
  series      = {SIGPLAN Notices 35(9)},
  year        = {2000},
  isbn        = {1-58113-202-6}
}

## Combinatory logic
@article{Curry34,
  author      = {Haskell B. Curry},
  title       = {Functionality in Combinatory Logic},
  journal     = {Proceedings of the National Academy of Sciences of the United States of America},
  publisher   = {National Academy of Sciences},
  volume      = 20,
  year        = 1934,
  pages       = {584–590},
  ISSN        = {00278424},
}

## Combinatory logic
@article{Curry42,
  author      = {Haskell B. Curry},
  journal     = {The Journal of Symbolic Logic},
  number      = {2},
  pages       = {49-64},
  publisher   = {Association for Symbolic Logic},
  title       = {The Combinatory Foundations of Mathematical Logic},
  volume      = {7},
  year        = {1942},
  issn        = {00224812},
}

## Lambda calculus
@book{Curry58,
  author      = {Haskell B. Curry and Robert Feys and William Craig},
  title       = {Combinatory Logic},
  volume      = 1, 
  publisher   = "North-Holland",
  year        = 1958,
  note        = {{\S{9E}}},
}

## Lambda-mu-calculus
@article{DavidNour03,
  author      = {Ren{\'{e}} David and Karim Nour},
  title       = {A short proof of the strong normalization of classical natural deduction
                 with disjunction},
  journal     = {J. Symb. Log.},
  volume      = {68},
  number      = {4},
  pages       = {1277--1288},
  year        = {2003},
  url         = {http://dx.doi.org/10.2178/jsl/1067620187},
  doi         = {10.2178/jsl/1067620187},
}

## Lambda-mu-calculus
@article{DavidNour07,
  author      = {Ren{\'e} David and Karim Nour},
  title       = {Arithmetical Proofs of Strong Normalization Results for
                 Symmetric $\lambda$-calculi},
  journal     = {Fundam. Inform.},
  volume      = {77},
  number      = {4},
  year        = {2007},
  pages       = {489-510},
  ee          = {http://iospress.metapress.com/openurl.asp?genre=article{\&}issn=0169-2968{\&}volume=77{\&}issue=4{\&}spage=489},
}

## Category semantics
@book{DosPet04,
  author      = {Kosta Do\v{s}en and Zoran Petri\'{c}},
  title       = {Proof-theoretical Coherence},
  publisher   = {Lightning source Inc},
  year        = 2004
}

## Computational classical logic, Lambda calculus, Intersection types
@inproceedings{DouGhiLes04a,
  author      = {Daniel J. Dougherty and Silvia Ghilezan and Pierre Lescanne},
  title       = {Characterizing strong normalization in a language with control
                 operators},
  booktitle   = {Proceedings of the 6th International ACM SIGPLAN Conference
                 on Principles and Practice of Declarative Programming, 24-26
                 August 2004, Verona, Italy},
  editor      = {Eugenio Moggi and David Scott Warren},
  publisher   = {ACM},
  year        = {2004},
  pages       = {155-166},
  bibsource   = {DBLP, http://dblp.uni-trier.de}
}

## Computational classical logic, Lambda calculus, Intersection types
@inproceedings{DouGhiLes04b,
  author      = {Daniel J. Dougherty and Silvia Ghilezan and Pierre Lescanne},
  title       = {Intersection and union types in the lambda-mu-mu\~ calculus},
  booktitle   = {Workshop on Intersection Types and related Systems (ITRS), Turku, Finland, July 2004},
  year        = {2004},
  note        = {Electronically available at \verb=http://itrs04.di.unito.it=}
}

## Abstract machines, Game semantics
@inproceedings{DanHerReg96,
  author      = {Vincent Danos and Hugo Herbelin and Laurent Regnier},
  title       = {Game Semantics \& Abstract Machines},
  booktitle   = {Proceedings, 11th Annual IEEE Symposium on Logic in
                 Computer Science (LICS '96)},
  pages       = {394--405},
  publisher   = {IEEE Computer Society Press},
  year        = {1996},
}

## Computational classical logic, Linear logic
@incollection{DanJoiSch95,
  author      = {Vincent Danos and Jean-Baptiste Joinet and Harold Schellinx},
  title       = {{LKQ} and {LKT}: sequent calculi for second order logic 
                 based upon dual linear decompositions of the
                 classical implication},
  booktitle   = {Advances in Linear Logic},
  editors     = {J-Y. Girard and Y. Lafont and L. Regnier},
  collection  = {London Mathematical Society Lecture Notes},
  volume      = 222,
  pages       = {211-224},
  publisher   = {Cambridge University Press},
  year        = 1995,
}

## Computational classical logic, Linear logic
@article{DanJoiSch97,
  author      = {Vincent Danos and Jean-Baptiste Joinet and Harold Schellinx},
  title       = "A new deconstructive logic: Linear Logic",
  journal     = jsl,
  volume      = 62,
  number      = 3,
  pages       = {755-807},
  year        = 1997,
}

## Abstract machines
@Unpublished{DanReg90,
  author      = {Vincent Danos and Laurent Regnier},
  title       = {Machina ex deo, ou encore quelque chose a dire
                 sur la machine de Krivine},
  year        = {1990},
  note        = {Unpublished initial version of~\cite{DanReg05}},
}

## Abstract machines
@article{DanReg05,
  author      = {Vincent Danos and Laurent Regnier},
  title       = {How abstract machines implement head linear reduction},
  journal     = hosc,
  year        = 2005,
  note        = {Extended version in English of~\cite{DanReg90}}
}

## Normalisation by evaluation
@InProceedings{Danvy96,
  author      = "Olivier Danvy",
  title       = "Type-Directed Partial Evaluation",
  booktitle   = "POPL",
  year        = 1996,
  pages       = "242--257",
  ee          = "http://doi.acm.org/10.1145/237721.237784",
  bibsource   = "DBLP, http://dblp.uni-trier.de"
}

## Normalisation by evaluation, Lambda calculus, Abstract machines
@PhDThesis{DanvyDSc,
  author      = {Olivier Danvy},
  title       = {An Analytical Approach to Programs as Data Objects},
  school      = {University of Aarhus},
  type        = {{Doctor Scientiarum}},
  month       = oct,
  year        = 2005
}

## Control operators
@techreport{DanFil89,
  author      = "Olivier Danvy and Andrzej Filinski",
  title       = "A Functional Abstraction of Typed Contexts",
  institution = "DIKU, University of Copenhagen, Copenhagen, Denmark",
  number      = "89/12",
  month       = Aug,
  year        = "1989"
}

## Call-by-need
@inproceedings{DanMilMunZer10,
  author      = {Olivier Danvy and Kevin Millikin and Johan Munk and Ian Zerny},
  title       = {Defuntionalized Interpreters for Call-by-need evaluation},
  booktitle   = {Functional and Logic Programming, FLOPS2010},
  year        = {2010}
}

## Computational classical logic, Lambda calculus
@inproceedings{DavNou05,
  author      = {Ren{\'e} David and Karim Nour},
  title       = {Arithmetical Proofs of Strong Normalization Results for
                 the Symmetric lambda-mu-calculus},
  booktitle   = {Typed Lambda Calculi and Applications, 7th International
                 Conference, TLCA 2005, Nara, Japan, April 21-23, 2005, Proceedings},
  year        = {2005},
  pages       = {162-178},
  editor      = {Pawe{\l} Urzyczyn},
  publisher   = {Springer},
  series      = lncs,
  volume      = {3461},
  isbn        = {3-540-25593-1},
  bibsource   = {DBLP, http://dblp.uni-trier.de}
}

## Computational classical logic, Lambda calculus
@article{DavNou06,
  author      = {Ren{\'e} David and Karim Nour},
  title       = {Arithmetical Proofs of Strong Normalization Results for
                 Symmetric lambda-mu-calculi},
  journal     = {Fundamenta Informaticae},
  volume      = {77},
  number      = {4},
  year        = {2007},
  pages       = {489-510},
}

## Computational classical logic, Lambda calculus
@article{DavPy01,
  author      = {Ren{\'e} David and Walter Py},
  title       = {Lambda-mu-Calculus and {B}{\"{o}}hm's Theorem},
  journal     = jsl,
  volume      = {66},
  number      = {1},
  year        = {2001},
  pages       = {407-413},
  bibsource   = {DBLP, http://dblp.uni-trier.de}
}

## Lambda calculus
@article{DezGio01,
  author      = {Mariangiola {Dezani-Ciancaglini} and Elio Giovannetti},
  title       = {From Bohm's Theorem to Observational Equivalences: an Informal
                 Account},
  journal     = {Electr. Notes Theor. Comput. Sci.},
  volume      = {50},
  number      = {2},
  year        = {2001},
  ee          = {http://www.elsevier.com/gej-ng/31/29/23/85/28/show/Products/notes/index.htt\#002},
  bibsource   = {DBLP, http://dblp.uni-trier.de}
}

## Proof theory
@inproceedings{DowekWerner05,
  author      = {Gilles Dowek and Benjamin Werner},
  title       = {Arithmetic as a Theory Modulo},
  booktitle   = {Term Rewriting and Applications},
  pages       = {423--437},
  editor      = {Giesl, Jürgen},
  publisher   = {Springer},
  series      = lncs,
  volume      = 3467,
  year        = 2005,
  ee          = {http://dx.doi.org/10.1007/978-3-540-32033-3_31}
}

## Proof theory
# appeared first in Russian?
@article{Dragalin80,
  author      = {Albert G. Dragalin},
  title       = {New kinds of realizability and {M}arkov's rule},
  journal     = {Soviet Mathematical Doklady},
  volume      = {251},
  pages       = {534-537},
  year        = 1980
}

@inproceedings{DubaHarperMacQueen91,
  author      = {Bruce F. Duba and Robert Harper and David B. MacQueen},
  title       = {Typing First-Class Continuations in ML},
  booktitle   = {Conference Record of the Eighteenth Annual ACM Symposium on Principles of Programming Languages ({POPL} '91)},
  year        = {1991},
  pages       = {163-173},
  ee          = {http://doi.acm.org/10.1145/99583.99608},
}

## Categories with Families
@inproceedings{Dybjer95,
  author    = {Peter Dybjer},
  editor    = {Stefano Berardi and
               Mario Coppo},
  title     = {Internal Type Theory},
  booktitle = {Types for Proofs and Programs, International Workshop TYPES'95, Torino,
               Italy, June 5-8, 1995, Selected Papers},
  series    = {Lecture Notes in Computer Science},
  volume    = {1158},
  pages     = {120--134},
  publisher = {Springer},
  year      = {1995},
  url       = {https://doi.org/10.1007/3-540-61780-9\_66},
  doi       = {10.1007/3-540-61780-9\_66},
  timestamp = {Tue, 14 May 2019 10:00:42 +0200},
  biburl    = {https://dblp.org/rec/bib/conf/types/Dybjer95},
  bibsource = {dblp computer science bibliography, https://dblp.org}
}

## Linear logic
@article{EhrhardRegnier05,
  author      = {Thomas Ehrhard and Laurent Regnier},
  title       = {Differential Interaction Nets},
  journal     = {Electr. Notes Theor. Comput. Sci.},
  volume      = {123},
  year        = {2005},
  pages       = {35-74},
  ee          = {http://dx.doi.org/10.1016/j.entcs.2004.06.060},
  bibsource   = {DBLP, http://dblp.uni-trier.de}
}

@misc{EscardoOliva-barrecursion,
  author      = {Martín Escardó and Paulo Oliva},
  title       = {Bar recursion and products of selection functions},
  year        = {2010}
}

@inproceedings{EscardoOliva10,
  author      = {Mart\'{\i}n H{\"{o}}tzel Escard{\'o} and
                 Paulo Oliva},
  title       = {Computational Interpretations of Analysis via Products of
                 Selection Functions},
  pages       = {141-150},
  editor      = {F. Ferreira and
                 B. L{\"{o}}we and
                 E. Mayordomo and
                 L. Mendes Gomes},
  booktitle   = {CIE},
  publisher   = {Springer},
  series      = {Lecture Notes in Computer Science},
  volume      = {6158},
  year        = {2010},
  isbn        = {978-3-642-13961-1},
}

## Completeness theorem
@article{Espindola16,
  author      = "Esp{\'{i}}ndola, Christian",
  fjournal    = "Notre Dame Journal of Formal Logic",
  journal     = "Notre Dame J. Formal Logic",
  number      = "2",
  pages       = "281--286",
  publisher   = "Duke University Press",
  title       = "Semantic Completeness of First-Order Theories in Constructive Reverse Mathematics",
  volume      = "57",
  year        = "2016"
}

@Article{Haskell,
  xeditor     = "Joseph H. Fasel and Paul Hudak and Simon {Peyton Jones}
                 and Philip Wadler (editors)",
  author      = "Joseph H. Fasel and Paul Hudak and Simon {Peyton Jones}
                 and Philip Wadler (editors)",
  title       = "Haskell Special Issue",
  journal     = "SIGPLAN Notices",
  year        = 1992,
  volume      = 27,
  number      = 5,
  month       = May
}

@Book{GodelCollectedVol1,
  title       = {Kurt G{\"{o}}del: Collected Works. Vol. 1: Publications 1929-1936},
  editor      = {Solomon Feferman and
                 John W. Dawson Jr and
                 Stephen C. Kleene and
                 Gregory H. Moore and
                 Robert M. Solovay and
                 Jean van Heijenoort},
  publisher   = {Oxford University Press},
  address     = {New York},
  year        = 1986,
}

## Control operators
@inproceedings{FelFriKohDub86,
  author      = "Matthias Felleisen and Daniel P. Friedman and Eugene Kohlbecker and Bruce F. Duba",
  title       = "Reasoning with continuations",
  booktitle   = "First Symposium on Logic and Computer Science",
  pages       = "131-141",
  year        = "1986",
}

## Control operators, Delimited control
@inproceedings{Felleisen88,
  author      = "Matthias Felleisen",
  title       = "The Theory and Practice of First-Class Prompts",
  booktitle   = {Proceedings of the 15th ACM Symposium on Principles of Programming Languages ({POPL} '88)},
  month       = Jan,
  pages       = "180-190",
  publisher   = acm,
  year        = "1988"
}

## Control operators
@article{FelHie92,
  author      = "Matthias Felleisen and Robert Hieb",
  title       = "The Revised Report on the Syntactic Theories of Sequential Control
and State",
  journal     = tcs,
  volume      = "103",
  number      = "2",
  pages       = "235-271",
  year        = "1992"
}

## Game semantics
@InCollection{Felscher86,
  author      = "Walter Felscher",
  title       = {Dialogues as a foundation of intuitionistic logic},
  booktitle   = {Handbook of Philosophical Logic},
  editor      = {D. Gabbay and F. Guenthner},
  publisher   = {Reidel},
  address     = {Dordrecht},
  volume      = 3,
  pages       = {341-372},
  year        = 1986
}

@article{FerreiraFerreira13,
  author      = {Fernando Ferreira and Gilda Ferreira},
  title       = {Atomic polymorphism},
  journal     = {J. Symb. Log.},
  volume      = {78},
  number      = {1},
  pages       = {260--274},
  year        = {2013},
  url         = {https://doi.org/10.2178/jsl.7801180},
  doi         = {10.2178/jsl.7801180},
}

## Lambda calculus
@PhDThesis{Filinski89a,
  author      = {Andrzej Filinski},
  title       = {Declarative Continuations and Categorical Duality},
  school      = {DIKU, Danmark},
  type        = {Master thesis},
  month       = Aug,
  year        = {1989},
}

## Lambda calculus
@inproceedings{Filinski89b,
  author      = {Andrzej Filinski},
  title       = {Declarative Continuations: an Investigation of Duality in
                 Programming Language Semantics},
  booktitle   = {Category Theory and Computer Science},
  year        = {1989},
  pages       = {224-249},
  editor      = {David H. Pitt and David E. Rydeheard and
                 Peter Dybjer and Andrew M. Pitts and
                 Axel Poign{\'e}},
  publisher   = {Springer},
  series      = lncs,
  volume      = {389},
  isbn        = {3-540-51662-X},
  bibsource   = {DBLP, http://dblp.uni-trier.de}
}

## Lambda calculus, Control operators
@inproceedings{Filinski94,
  author      = "Andrzej Filinski",
  title       = "Representing Monads",
  booktitle   = "Conf.\ Record 21st {ACM} {SIGPLAN}-{SIGACT} Symp.\ on Principles of Programming Languages, {POPL}'94, Portland, {OR}, {USA}, 17-21 Jan.\ 1994",    publisher = acm,
  pages       = "446-457",
  year        = "1994"
}

## Effects, Control operators
@PhDThesis{Filinski96,
  author      = "Andrzej Filinski",
  title       = "Controlling effects",
  school      = {Carnegie Mellon University},
  type        = {{Ph.D.} Thesis},
  month       = may,
  year        = 1996
}

## Lambda calculus, Control operators
@inproceedings{Filinski99,
  author      = {Andrzej Filinski},
  title       = {Representing Layered Monads},
  booktitle   = {POPL},
  year        = {1999},
  pages       = {175-188},
  ee          = {http://doi.acm.org/10.1145/292540.292557},
  bibsource   = {DBLP, http://dblp.uni-trier.de}
}

## HoTT, categories
@inproceedings{FinsterMimram17,
  author      = {Eric {Finster} and Samuel {Mimram}},
  booktitle   = {2017 32nd Annual ACM/IEEE Symposium on Logic in Computer Science (LICS)},
  title       = {A type-theoretical definition of weak $\omega$-categories},
  year        = {2017},
  pages       = {1-12},
  keywords    = {category theory;theorem proving;type theory;dependent type theory;weak ω-categories;globular colimits;coherator;canonical type-theoretical characterization;proof system;Syntactics;Coherence;Tools;Proposals;Shape;Concrete;Inference algorithms},
  doi         = {10.1109/LICS.2017.8005124},
  month       = {June}
}

## Normalisation by evaluation
@inproceedings{Fiore02,
  author      = {Marcelo Fiore},
  title       = {Semantic analysis of normalisation by evaluation for typed 
                 lambda calculus},
  booktitle   = {PPDP '02: Proceedings of the 4th ACM SIGPLAN international
                 conference on Principles and practice of declarative 
                 programming},
  year        = {2002},
  isbn        = {1-58113-528-9},
  pages       = {26--37},
  location    = {Pittsburgh, PA, USA},
  doi         = {http://doi.acm.org/10.1145/571157.571161},
  publisher   = {ACM},
  address     = {New York, NY, USA},
}

## Control operators
@InProceedings{Fischer72,
  author      = {Michael J. Fischer},
  title       = {Lambda-calculus schemata},
  booktitle   = {Proc. ACM Conference on Proving Assertions About Programs},
  series      = {SIGPLAN Notices},
  volume      = "7(1)",
  publisher   = acm,
  pages       = {104-109},
  year        = 1972
}

## Control operators
@Article{Fischer93,
  author      = "Michael J. Fischer",
  title       = "Lambda-Calculus Schemata",
  pages       = "259-288",
  journal     = "LISP and Symbolic Computation",
  year        = 1993,
  volume      = 6,
  number      = "3/4",
  note        = "\url{<http://www.brics.dk/~hosc/vol06/03-fischer.html>}. Earlier version available in the proceedings of an ACM Conference on Proving Assertions about Programs, SIGPLAN Notices, Vol.~7, No.~1, January 1972",
}

## Bar induction, Fan Theorem, completeness
@incollection{FourmanGrayson82,
  author      = "M.P. Fourman and R.J. Grayson",
  title       = "Formal Spaces",
  booktitle   = "The L. E. J. Brouwer Centenary Symposium",
  doi         = "10.1016/S0049-237X(09)70126-0",
  editor      = "A.S. Troelstra and D. {van Dalen}",
  issn        = "0049-237X",
  pages       = "107–122",
  publisher   = "Elsevier",
  series      = "Studies in Logic and the Foundations of Mathematics",
  url         = "http://www.sciencedirect.com/science/article/pii/S0049237X09701260",
  volume      = "110",
  year        = "1982"
}

## Proof theory
@book{Frege1879,
  author      = {Frege, Gottlob},
  title       = {{Begriffsschrift, eine der arithmetischen nachgebildete Formelsprache des reinenDenkens}},
  publisher   = {Verlag von Louis Nebert},
  year        = {1879},
  address     = {Halle},
  note        = {English translation e.g. in \cite{Frege64} or \cite{vanHeijenoort}} #EN
}

@Book{Frege64,
  title       = {Begriffschrift, eine der arithmetischen nachgebildete Formelsprache des reinen Denkens},
  author      = {Gottlob Frege},
  publisher   = {Halle},
  year        = 1879,
  note        = {English translation e.g. in \cite{vanHeijenoort}} #EN
}

## Proof theory
@inCollection{Frege79,
  author      = {Frege, Gottlob},
  title       = {{Begriffsschrift}},
  year        = {1967},
  pages       = {1-82},
  editors     = {J. van Heijenoort},
  booktitle   = {From Frege to G{\"{o}}del: A Source Book in Mathematical Logic},
  publisher   = {Harvard University Press},
  note        = {original version in German ``{{Begriffsschrift, eine der arithmetischen nachgebildete Formelsprache des reinenDenkens}}'', 1879} 
}

## Completeness
@article{Friedman75,
  title       = {Intuitionistic completeness of Heyting’s Predicate Calculus},
  author      = {Harvey Friedman},
  year        = 1975,
  journal     = {Notices of the American Mathematical Society},
  pages       = {A-648},
  volume      = 22
}

## Side effects
@inproceedings{Fuhrmann02,
  author      = {Carsten F{\"{u}}hrmann},
  title       = {Varieties of Effects},
  booktitle   = {Foundations of Software Science and Computation Structures, 5th International
                 Conference, {FOSSACS} 2002. Held as Part of the Joint European Conferences
                 on Theory and Practice of Software, {ETAPS} 2002 Grenoble, France,
                 April 8-12, 2002, Proceedings},
  pages       = {144--158},
  year        = {2002},
  url         = {https://doi.org/10.1007/3-540-45931-6\_11},
  doi         = {10.1007/3-540-45931-6\_11},
  editor      = {Mogens Nielsen and Uffe Engberg},
  series      = {Lecture Notes in Computer Science},
  volume      = {2303},
  publisher   = {Springer},
}


## Computational classical logic
@inproceedings{Fujita03,
  author      = {{Ken-etsu} Fujita},
  title       = {A Sound and Complete CPS-Translation for lambda-mu-Calculus},
  booktitle   = {TLCA},
  year        = {2003},
  pages       = {120-134},
  ee          = {http://link.springer.de/link/service/series/0558/bibs/2701/27010120.htm},
  bibsource   = {DBLP, http://dblp.uni-trier.de}
}

## Completeness
@article{Friedman75,
  title       = {Intuitionistic completeness of Heyting’s Predicate Calculus},
  author      = {Harvey Friedman},
  year        = 1975,
  journal     = {Notices of the American Mathematical Society},
  pages       = {A-648},
  volume      = 22
}

## Proof theory
@incollection{Friedman78,
  author      = {Harvey Friedman},
  title       = "Classically and intuitionistically provably recursive functions",
  series      = {Lecture Notes in Mathematics},
  publisher   = {Springer},
  editor      = {D. S. Scott and G. H. Muller},
  address     = {Berlin/Heidelberg},
  volume      = 669,
  year        = 1978,
  booktitle   = {Higher Set Theory},
  doi         = {10.1007/BFb0103096},
  isbn        = {978-3-540-08926-1},
  pages       = {21-27}
}

## Computational classical logic
@inproceedings{Fujita03,
  author      = {{Ken-etsu} Fujita},
  title       = {A Sound and Complete CPS-Translation for lambda-mu-Calculus},
  booktitle   = {TLCA},
  year        = {2003},
  pages       = {120-134},
  ee          = {http://link.springer.de/link/service/series/0558/bibs/2701/27010120.htm},
  bibsource   = {DBLP, http://dblp.uni-trier.de}
}

@article{Gandy56,
  author      = {Robin Gandy},
  title       = {On the axiom of extensionality – {Part I}},
  volume      = {21},
  doi         = {10.2307/2268484},
  number      = {1},
  journal     = {Journal of Symbolic Logic},
  publisher   = {Cambridge University Press},
  year        = {1956},
  pages       = {36–48}
}

## Call-by-need
@inproceedings{GarLumSab09,
  author      = {Ronald Garcia and Andrew Lumsdaine and Amr Sabry},
  title       = {Lazy evaluation and delimited control},
  booktitle   = {Proceedings of POPL~'09},
  year        = {2009},
  pages       = {153--164},
  publisher   = {ACM},
  address     = {New York, NY, USA},
  keywords    = {abstract machines, call-by-need, delimited continuations, 
                 lambda calculus, reduction semantics},
} 

## Proof theory
@Article{Gentzen35,
  author      = {Gerhard Gentzen},
  title       = {Untersuchungen \"uber das logische {S}chlie{\ss}en},
  journal     = {Mathematische Zeitschrift},
  year        = 1935,
  volume      = 39,
  pages       = {176--210,405--431},
  note        = {English Translation in~\cite{Szabo69}, 
                ``Investigations into logical deduction'', pages 68-131}
}

## Proof theory
@InCollection{Gentzen35eng,
  author      = {Gerhard Gentzen},
  title       = {Investigations into logical deduction},
  booktitle   = {The Collected Works of Gerhard Gentzen},
  editor      = {Szabo, M.E.},
  publisher   = {North Holland},
  address     = {Amsterdam},
  year        = 1969,
  pages       = {68-131},
  note        = {Original version in German in 1935}
}

## Proof theory
@Article{Gentzen36,
  author      = {Gerhard Gentzen},
  title       = {Die {W}iderspruchfreiheit der reinen {Z}ahlentheorie},
  journal     = {Mathematische Annalen},
  year        = 1936,
  volume      = 112,
  page        = {493-565},
  note        = {English translation in~\cite{Szabo69}, ``The consistency of elementary number theory''}
}

## Proof theory
@Article{Gentzen38,
  author      = {Gerhard Gentzen},
  title       = {Neue {F}assung des {W}iderspruchsfreiheitsbeweises f\"ur 
                 die reine {Z}ahlentheorie},
  journal     = {Forschungen zur Logik und zur Grundlegung
                 der exakter Wissenschaften, Neue Folge},
  volume      = 4,
  year        = 1938,
  pages       = {19-44},
  note        = {English translation in~\cite{Szabo69}, ``New version of the consistency proof for elementary number theory'', pages 252--286}
}

## Proof theory
@inCollection{Gentzen38eng,
  author      = {Gerhard Gentzen},
  title       = {New version of the consistency proof for elementary number theory},
  booktitle   = {The Collected Works of Gerhard Gentzen},
  editor      = {Szabo, M.E.},
  publisher   = {North Holland},
  address     = {Amsterdam},
  year        = 1969,
  pages       = {252--286},
  note        = {Original version in German in 1938}
}

## Proof theory
@Book{Szabo69,
  title       = {The Collected Works of Gerhard Gentzen},
  editor      = {Szabo, Manfred E.},
  publisher   = {North Holland},
  address     = {Amsterdam},
  year        = 1969,
}

## Type theory
@PhDThesis{GeuversPhD,
  author      = {Herman Geuvers},
  title       = {Logics and Type Systems},
  school      = {Katholieke Universiteit Nijmegen},
  type        = {{Ph.D.} Thesis},
  month       = sep,
  year        = 1993
}

@article{GeuversNederhof91,
  author      = {Herman Geuvers and Mark{-}Jan Nederhof},
  title       = {Modular Proof of Strong Normalization for the Calculus of Constructions},
  journal     = {J. Funct. Program.},
  volume      = {1},
  number      = {2},
  pages       = {155--189},
  year        = {1991},
}

## Type theory
@inproceedings{GeuWer94,
  author      = {Herman Geuvers and Benjamin Werner},
  title       = {On the Church-Rosser Property for Expressive Type Systems
                 and its Consequences for their Metatheoretic Study},
  pages       = {320-329},
  booktitle   = {Proceedings, Ninth Annual IEEE Symposium on Logic in Computer
                 Science, 4-7 July 1994, Paris, France},
  publisher   = {IEEE Computer Society},
  year        = {1994},
}

## Proof assistant
@InProceedings{Gimenez94,
  author      = {E. Gim\'enez},
  booktitle   = {Types'94 : Types for Proofs and Programs},
  note        = {Extended version in LIP research report 95-07, ENS Lyon},
  publisher   = SV,
  series      = lncs,
  title       = {Codifying guarded definitions with recursive schemes},
  volume      = {996},
  year        = {1994}
}

## Proof theory
@InCollection{Girard71,
  author      = {Jean-Yves Girard},
  title       = {Une extension de l'interpretation de G\"odel \`a l'analyse, 
                 et son application \`a l'\'elimination des coupures dans 
                 l'analyse et la th\'eorie des types},
  booktitle   = {Second Scandinavian Logic Symposium},
  editor      = {Fenstad, J.E.},
  publisher   = {North Holland},
  series      = {Studies in Logic and the Foundations of Mathematics},
  number      = 63,
  pages       = {63-92}, 
  year        = 1971
}

## Linear logic
@article{Girard87,
  author      = {Jean-Yves Girard},
  title       = {Linear Logic},
  journal     = tcs,
  volume      = {50},
  year        = {1987},
  pages       = {1-102},
  bibsource   = {DBLP, http://dblp.uni-trier.de}
}

## Linear logic, Abstract machines
@Inproceedings{Girard89,
  author      = "Jean-Yves Girard",
  title       = "Geometry of Interaction {I}: Interpretation of System {F}",
  booktitle   = "Logic Colloquium '88",
  year        = 1989,
  editor      = "C. Bonotto and R. Ferro and S. Valentini and
                 A. Zanardo",
  pages       = "221--260",
  publisher   = "North-Holland"
}

## Computational classical logic, Linear logic
@article{Girard91,
  author      = {Jean-Yves Girard},
  title       = {A New Constructive Logic: Classical Logic},
  journal     = {Mathematical Structures in Computer Science},
  volume      = {1},
  number      = {3},
  year        = {1991},
  pages       = {255-296},
  bibsource   = {DBLP, http://dblp.uni-trier.de}
}

## Proof theory, Game semantics
@article{Girard01,
  author      = {Jean-Yves Girard},
  title       = {Locus Solum: From the rules of logic to the logic of rules},
  journal     = {Mathematical Structures in Computer Science},
  volume      = {11},
  number      = {3},
  year        = {2001},
  pages       = {301-506},
}

## Proof theory
@book{GirardPointAveugle,
  author      = {Jean-Yves Girard},
  title       = {Le point aveugle},
  publisher   = {Hermann},
  year        = {2006},
}

## Proof theory
@book{GirLafTay89,
  author      = {Jean-Yves Girard and Yves Lafont and Paul Taylor},
  title       = {{Proofs and Types}},
  publisher   = {Cambridge University Press},
  year        = 1989
}

## Proof theory, classical logic
@article{Glivenko29,
  author      = {Valery Glivenko},
  title       = {Sur quelques points de la logique de M. Brouwer},
  journal     = {Bulletins de la classe des sciences},
  volume      = {15},
  publisher   = {Academie Royale de Belgique},
  year        = {1929},
  pages       = {183-188}
}

## Proof theory
@PhDThesis{Godel29,
  author      = {Kurt G{\"{o}}del},
  title       = {{\"{U}}ber die Vollst{\"{a}}ndigkeit des Logikkalk{\"{u}}ls},
  school      = {University of Vienna},
  type        = {Doctoral thesis},
  year        = {1929},
  note        = {English translation in \cite{vanHeijenoort} or \cite{GodelCollectedVol1}}
}
#  month       = Aug,

## Proof theory
@article{Godel30,
  author      = {Kurt G{\"{o}}del},
  title       = {Die Vollständigkeit des Axiome des logischen Functionenkalk{\"{u}}ls},
  journal     = {Monatshefte f{\"{u}}r Mathematik und Physik},
  volume      = 37,
  pages       = {349-360},
  year        = 1930,
  note        = {Reprinted in~\cite{GodelCollectedVol1}}
}

## Proof theory
@article{Godel31,
  author      = {Kurt G\"odel},
  title       = {{\"{U}}ber formal unentscheidbare S{\"{a}}tze der Principia Mathematica und verwandter Systeme},
  journal     = {Monatshefte f{\"{u}}r Mathematik und Physik},
  volume      = 38,
  pages       = {173-198},
  year        = 1931
}

## Proof theory
@article{Godel32,
  author      = {Kurt G{\"{o}}del},
  title       = {Zur intuitionistischen Arithmetik und Zahlentheorie},
  journal     = {Ergebnisse eines mathematischen Kolloquiums},
  year        = 1932,
  volume      = 4,
  pages       = {34-38},
  note        = {Reprinted in English translation as "On intuitionistic arithmetic and number theory" in The Undecidable, M. Davis, ed., pp. 75-81.},
}

## Proof theory
@article{Godel58,
  author      = {Kurt G{\"{o}}del},
  title       = {{\"{U}}ber eine bisher noch nicht ben\"utzte {E}rweiterung des finiten {S}tandpunktes},
  journal     = {Dialectica},
  volume      = 12,
  number      = 3,
  month       = dec,
  pages       = {280-287},
  year        = 1958
}

## Cubical categories
@Article{Grandis07,
  author      = {Marco Grandis},
  title       = {Higher cospans and weak cubical categories (Cospans in Algebraic Topology, I)},
  journal     = {Theory Appl. Categ.},
  volume      = 18,
  year        = 2007,
  number      = 12,
  pages       = {321-347}
}

## Cubical categories
@article{GrandisMauri2003,
  author      = {Marco Grandis and Luca Mauri},
  journal     = {Theory and Applications of Categories [electronic only]},
  keywords    = {simplicial sets; cubical sets; monoidal categories; generators and relations; word problem},
  language    = {eng},
  pages       = {185-211},
  publisher   = {Mount Allison University, Department of Mathematics and Computer Science, Sackville},
  title       = {Cubical sets and their site.},
  volume      = {11},
  year        = {2003},
}

## Proof assistant
@inproceedings{GreTheWer06,
  author      = {Benjamin Gr\'egoire and Laurent Th\'ery and Benjamin Werner},
  title       = {A computational approach to {Pocklington} certificates in 
                 type theory},
  pages       = {97 - 113},
  pdfurl      = {http://www-sop.inria.fr/everest/personnel/Benjamin.Gregoire/Publi/pock.pdf},
  booktitle   = {Proceedings of FLOPS '06},
  year        = 2006,
  publisher   = {Springer-Verlag},
  series      = {Lecture Notes in Computer Science},
  volume      = 3945,
  editor      = {M. Hagiya and P. Wadler}
}

## Computational classical logic, Control operators
@inProceedings{Griffin90,
  author      = "Timothy G. Griffin",
  title       = "The Formulae-as-Types Notion of Control",
  booktitle   = "Conf.\ Record 17th Annual {ACM} Symp.\ on Principles of Programming Languages, {POPL} '90, San Francisco, {CA}, {USA}, 17-19 Jan 1990",
  publisher   = acm,
  pages       = "47--57",
  year        = "1990"
}

## Computational classical logic, Control operators
@incollection{deGroote94,
  author      = {Philippe de Groote},
  title       = {On the Relation between the lambda-mu Calculus and the Syntactic Theory of Sequential Control},
  year        = 1994,
  booktitle   = {Logic Programming and Automated Reasoning, Proc.\ of the 5th International Conference, LPAR'94},
  editor      = {F. Pfenning},
  publisher   = {Springer},
  address     = {Berlin, Heidelberg},
  pages       = {31-43},
}

## Computational classical logic, Control operators
@inproceedings{deGroote01,
  author      = {Philippe de Groote},
  title       = {Strong Normalization of Classical Natural Deduction with
                 Disjunction},
  booktitle   = {TLCA},
  year        = {2001},
  pages       = {182-196},
  ee          = {http://link.springer.de/link/service/series/0558/bibs/2044/20440182.htm},
}

## Abstract machines
@article{Grzegorczyk64,
  author      = {Andrzej Grzegorczyk},
  title       = {A philosophically plausible formal interpretation of 
                 intuitionistic logic},
  journal     = {Nederl. Akad. Wet., Proc.},
  volume      = 67,
  series      = {A},
  pages       = {596–601},
  year        = 1964,
}

## Abstract machines
@inproceedings{HarMarPag96,
  author      = {Th{\'e}r{\`e}se Hardin and Luc Maranget and Bruno Pagano},
  title       = {Functional Back-Ends within the Lambda-Sigma Calculus.},
  booktitle   = {ICFP},
  year        = {1996},
  pages       = {25-33},
  bibsource   = {DBLP, http://dblp.uni-trier.de}
}

## Abstract machines
@article{HarMarPag98,
  author      = "Thérèse Hardin and Luc Maranget and Bruno Pagano",
  title       = "Functional Runtimes within the Lambda-Sigma Calculus",
  journal     = "Journal of Functional Programming",
  volume      = 8,
  number      = 2,
  month       = Mar,
  year        = 1998,
  publisher   = "Cambridge University Press"
}

## Completeness theorem
@article{Henkin49a,
  author      = {Leon Henkin},
  title       = {The Completeness of the First-Order Functional Calculus},
  journal     = {J. Symb. Log.},
  volume      = {14},
  number      = {3},
  year        = {1949},
  pages       = {159-166},
  ee          = {http://projecteuclid.org/euclid.jsl/1183730666},
}

@article{Henkin54,
  author      = {Leon Henkin},
  title       = {Metamathematical theorems equivalent to the prime ideal theorem for Boolean algebras},
  journal     = {Bulletin of the American Mathematical Society},
  volume      = 60,
  year        = 1954,
  pages       = {378-88}
}

## Completeness theorem
@article{Henkin96,
  author      = {Leon Henkin},
  title       = {The discovery of my completeness proofs},
  journal     = {The Bulletin of Symbolic Logic},
  volume      = 2,
  number      = 2,
  month       = jun,
  year        = 1996,
  pages       = {127-158}
}

## Sequent calculus, Lambda calculus
@inproceedings{Herbelin94,
  author      = {Hugo Herbelin},
  title       = {A Lambda-Calculus Structure Isomorphic to {G}entzen-Style Sequent Calculus Structure},
  booktitle   = {Computer Science Logic, 8th International Workshop, CSL '94,
             Kazimierz, Poland, September 25-30, 1994, Selected Papers},
  editor      = {Leszek Pacholski and Jerzy Tiuryn},
  pages       = {61--75},
  publisher   = {Springer},
  series      = lncs,
  volume      = {933},
  year        = {1995},
  isbn        = {3-540-60017-5},
}

## Sequent calculus, Lambda calculus, Game semantics
@PhDThesis{HerbelinPhD,
  author      = {Hugo Herbelin},
  title       = {S\'equents qu'on calcule: de l'interpr\'etation du calcul des
      s\'equents comme calcul de $\lambda$-termes et comme calcul de
      strat\'egies gagnantes},
  school      = {University Paris 7},
  type        = {{Ph.D.} thesis},
  month       = jan,
  year        = 1995
}

## Computation classical logic, Game semantics
@inproceedings{Herbelin97,
  author      = {Hugo Herbelin},
  title       = {Games and Weak-Head Reduction for Classical {PCF}},
  booktitle   = {Third International Conference
      on Typed Lambda Calculi and Applications, TLCA '97, Nancy, France,
      April 2-4, 1997, Proceedings},
  editor      = {Philippe de Groote and J. Roger Hindley},
  pages       = {214--230},
  publisher   = {Springer},
  series      = lncs,
  volume      = {1210},
  year        = {1997},
  isbn        = {3-540-62688-3},
}

## Computation classical logic, Explicit substitutions
@article{Herbelin01,
  author      = {Hugo Herbelin},
  title       = {Explicit Substitutions and Reducibility},
  journal     = {Journal of Logic and Computation},
  pages       = {431--451},
  publisher   = {ACM},
  volume      = {11},
  number      = {3},
  year        = {2001}
}

## Classical choice
@inproceedings{Herbelin05,
  author      = {Hugo Herbelin},
  title       = {On the Degeneracy of {S}igma-Types in Presence of Computational
                 Classical Logic},
  booktitle   = {Seventh International Conference, TLCA '05, Nara, Japan.
                 April 2005, Proceedings},
  editor      = {Pawe{\l} Urzyczyn},
  pages       = {209--220},
  publisher   = {Springer},
  series      = lncs,
  volume      = {3461},
  year        = {2005},
  isbn        = {3-540-25593-1},
}

## Computational classical logic
@inproceedings{Herbelin06,
  author      = {Hugo Herbelin},
  title       = {The duality of computation (notes for the 3rd 
                 International Workshop on Higher-Order Rewriting)},
  booktitle   = {Proceedings of 3rd 
                 International Workshop on Higher-Order Rewriting)},
  editor      = {D. Kesner, F. van Raamsdonk, M.-O. Stehr},
  year        = {2006},
  month       = aug,
  note        = {distributed electronically at http://hor.pps.jussieu.fr/06/proc/proc.html}
}

@inproceedings{HerbelinLee09,
  author      = {Hugo Herbelin and Gyesik Lee},
  title       = {Forcing-based cut-elimination for Gentzen-style
                  intuitionistic sequent calculus},
  booktitle   = {Logic, Language, Information and Computation, 16th
                  International Workshop, WoLLIC 2009, Tokyo, Japan,
                  June 21-25, 2009, Proceedings},
  editor      = {Hiroakira Ono and Makoto Kanazama and Ruy de Queiroz},
  pages       = {209--217},
  publisher   = {Springer},
  series      = {Lecture Notes in Computer Science},
  volume      = {5514},
  year        = {2009},
}

## Intuitionistic logic
@inproceedings{Herbelin10,
  author      = {Hugo Herbelin},
  title       = {An intuitionistic logic that proves {M}arkov's principle},
  booktitle   = {Proceedings of the 25th Annual IEEE Symposium on Logic in
                 Computer Science, LICS 2010, 11-14 July 2010, Edinburgh,
                 United Kingdom},
  pages       = {50-56},
  publisher   = {IEEE Computer Society},
  year        = {2010},
  isbn        = {978-0-7695-4114-3},
}

## Intuitionistic logic
@unpublished{Herbelin12markov,
  author      = {Hugo Herbelin},
  title       = {An intuitionistic logic that proves {M}arkov's principle (long version)},
  year        = {2012},
}

## Computational classical logic
@PhDThesis{HerbelinHdR,
  author      = {Hugo Herbelin},
  title       = {C'est maintenant qu'on calcule: au c{\oe}ur de la dualit\'e},
  school      = {University Paris 11},
  type        = {{Habilitation} thesis},
  month       = dec,
  year        = 2005
}

@inproceedings{Herbelin12,
  author      = {Hugo Herbelin},
  title       = {A Constructive Proof of Dependent Choice, Compatible with Classical Logic},
  booktitle   = {Proceedings of the 27th Annual ACM/IEEE Symposium on Logic in
                 Computer Science, LICS 2012, 25-28 June 2012, Dubrovnik,
                 Croatia},
  pages       = {365--374},
  publisher   = {IEEE Computer Society},
  year        = {2012}
}

@article{Herbelin15,
  author      = {Hugo Herbelin},
  title       = {A dependently-typed construction of semi-simplicial types},
  journal     = {Mathematical Structures in Computer Science},
  volume      = {25},
  issue       = {Special Issue 05},
  month       = {6},
  year        = {2015},
  pages       = {1116--1131},
  numpages    = {16},
  doi         = {10.1017/S0960129514000528},
  URL         = {http://journals.cambridge.org/article_S0960129514000528},
}

## Computational classical logic, Control operators
@inproceedings{HerGhi08,
  author      = {Hugo Herbelin and Silvia Ghilezan},
  title       = {An Approach to Call-by-Name Delimited Continuations},
  booktitle   = {Proceedings of the 35th ACM SIGPLAN-SIGACT Symposium
                  on Principles of Programming Languages, POPL 2008,
                  San Francisco, California, USA, January 7-12, 2008},
  month       = Jan,
  publisher   = {ACM},
  editor      = {George C. Necula and Philip Wadler},
  year        = {2008},
  pages       = {383-394},
  isbn        = {978-1-59593-689-9},
  ee          = {http://doi.acm.org/10.1145/1328438.1328484},
}

@InProceedings{HerbelinSpiwack14,
  author      = {Hugo Herbelin and Arnaud Spiwack},
  title       = {{The Rooster and the Syntactic Bracket}},
  booktitle   = {19th International Conference on Types for Proofs and Programs (TYPES 2013)},
  pages       = {169--187},
  series      = {Leibniz International Proceedings in Informatics (LIPIcs)},
  ISBN        = {978-3-939897-72-9},
  ISSN        = {1868-8969},
  year        = {2014},
  volume      = {26},
  editor      = {Ralph Matthes and Aleksy Schubert},
  publisher   = {Schloss Dagstuhl--Leibniz-Zentrum fuer Informatik},
  address     = {Dagstuhl, Germany},
  URL         = {http://drops.dagstuhl.de/opus/volltexte/2014/4631},
  URN         = {urn:nbn:de:0030-drops-46318},
  doi         = {10.4230/LIPIcs.TYPES.2013.169},
  annote      = {Keywords: Coq, Calculus of inductive constructions, Impredicativity, Strictly positive type families, Inductive type families}
}
 
@inproceedings{Hermant05,
  author    = {Olivier Hermant},
  title     = {Semantic Cut Elimination in the Intuitionistic Sequent Calculus},
  booktitle = {Typed Lambda Calculi and Applications, 7th International Conference,
               {TLCA} 2005, Nara, Japan, April 21-23, 2005, Proceedings},
  pages     = {221--233},
  year      = {2005},
  editor    = {Pawe{\l} Urzyczyn},
  series    = {Lecture Notes in Computer Science},
  volume    = {3461},
  publisher = {Springer},
  doi       = {10.1007/11417170_17},
}

@article{HermantLipton10,
  author    = {Olivier Hermant and
               James Lipton},
  title     = {Completeness and Cut-elimination in the Intuitionistic Theory of Types
               - Part 2},
  journal   = {J. Log. Comput.},
  volume    = {20},
  number    = {2},
  pages     = {597--602},
  year      = {2010},
  url       = {http://dx.doi.org/10.1093/logcom/exp076},
}

## Intuitionistic logic
@article{Heyting28,
  author      = {Arend Heyting},
  title       = {Zur intuitionistischen Axiomatik der projektive Geometrie},
  journal     = {Mathematische Annalen},
  volume      = 98,
  issue       = 1,
  year        = 1928,
  pages       = {491--538}
}

@Book{HilbertAckermann28,
  title       = {Grundzüge der theoretischen Logik},
  author      = {David Hilbert and Wilhem Ackermann},
  publisher   = {Springer Verlag},
  address     = {Berlin},
  year        = 1928,
  note        = {English translation of the 1938 edition in \cite{HilbertAckermann50}}
}

@Book{HilbertAckermann50,
  title       = {Principles of Mathematical Logic},
  author      = {David Hilbert and Wilhem Ackermann},
  publisher   = {Oxford University Press},
  address     = {New York},
  year        = 1928,
}

## Completeness theorem
@article{Hintikka55,
  author      = {Jaakko Hintikka},
  title       = {Form and Content in Quantification Theory},
  journal     = {Acta Philosophica Fennica},
  publisher   = {Philosophical Society of Finland},
  address     = {Helsinki},
  volume      = 8,
  year        = 1955,
  pages       = {11-55}
}

## Completeness theorem
@article{Hintikka55b,
  author      = {Jaakko Hintikka},
  title       = {Notes on the Quantification Theory},
  journal     = {Societas Scientiarum Fennica, Commentationes physico-mathematicae},
  year        = 1955,
  volume      = 17,
  number      = 1,
}

## Lambda calculus, Game semantics, Call-by-value
@inproceedings{HonYos97,
  author      = {Kohei Honda and Nobuko Yoshida},
  title       = {Game Theoretic Analysis of Call-by-Value Computation},
  booktitle   = {Automata, Languages and Programming, 24th International
                 Colloquium, ICALP'97, Bologna, Italy, 7-11 July 1997, Proceedings},
  year        = {1997},
  pages       = {225-236},
  editor      = {Pierpaolo Degano and Roberto Gorrieri and
                 Alberto Marchetti-Spaccamela},
  publisher   = {Springer},
  series      = lncs,
  volume      = {1256},
  isbn        = {3-540-63165-8},
  bibsource   = {DBLP, http://dblp.uni-trier.de}
}

## Lambda calculus, Control operators
@article{Hofmann95,
  author      = {Martin Hofmann},
  title       = {Sound and Complete Axiomatisations of Call-by-Value Control
                 Operators},
  journal     = {Mathematical Structures in Computer Science},
  volume      = {5},
  number      = {4},
  year        = {1995},
  pages       = {461-482},
  bibsource   = {DBLP, http://dblp.uni-trier.de}
}

## Lambda calculus, Control operators
@PhDThesis{HofmannPhd,
  author      = {Martin Hofmann},
  title       = {Extensional concepts in intensional type theory},
  school      = {University of Edinburgh},
  type        = {PhD},
  year        = 1995
}

@inproceedings{HofmannStreicher94,
  author      = {Martin Hofmann and Thomas Streicher},
  title       = {The Groupoid Model Refutes Uniqueness of Identity Proofs},
  booktitle   = {Proceedings of the Ninth Annual Symposium on Logic in Computer Science
                 {(LICS} '94), Paris, France, July 4-7, 1994},
  pages       = {208--212},
  year        = {1994},
  publisher   = {{IEEE} Computer Society},
}

## Lambda calculus, Control operators
@inproceedings{HofStr97,
  author      = {Martin Hofmann and Thomas Streicher},
  title       = {Continuation Models are Universal for Lambda-Mu-Calculus},
  booktitle   = {LICS},
  year        = {1997},
  pages       = {387-395},
  ee          = {http://www.computer.org/proceedings/lics/7925/79250387abs.htm},
  bibsource   = {DBLP, http://dblp.uni-trier.de}
}

## Lambda calculus, Control operators
@article{HofStr02,
  author      = {Martin Hofmann and Thomas Streicher},
  title       = {Completeness of Continuation Models for lambda-mu-Calculus},
  journal     = {Inf. Comput.},
  volume      = {179},
  number      = {2},
  year        = {2002},
  pages       = {332-355},
  ee          = {http://dx.doi.org/10.1006/inco.2001.2947},
  bibsource   = {DBLP, http://dblp.uni-trier.de}
}

## Lambda calculus, Game semantics
@Article{HylOng00,
  author      = {J. Martin E. Hyland and C.-H. Luke Ong},
  title       = {On full abstraction for {PCF}: I, II, and III},
  journal     = {Information and Computation},
  volume      = {163},
  number      = {2},
  year        = {2000},
  pages       = {285--408},
  publisher   = {Academic Press, Inc.},
  address     = {Duluth, MN, USA},
  note        = {First version in 1994}
 }

## Proof theory, Bar induction, Intuitionistism
@article{HowardKreisel66,
  author      = {William A. Howard and Georg Kreisel},
  title       = {Transfinite Induction and Bar Induction of Types Zero and One, and
                 the Role of Continuity in Intuitionistic Analysis},
  journal     = {J. Symb. Log.},
  volume      = {31},
  number      = {3},
  pages       = {325--358},
  year        = {1966},
  url         = {https://doi.org/10.2307/2270450},
  doi         = {10.2307/2270450},
}

## Proof theory, Lambda calculus
@InCollection{Howard69,
  author      = {William A. Howard},
  title       = "The formulae-as-types notion of constructions",
  booktitle   = "to H.B. Curry: Essays on Combinatory Logic, Lambda Calculus
                 and Formalism",
  editors     = {J.P. Seldin and J.R. Hindley},
  publisher   = {Academic Press},
  year        = 1969,
  note        = "Published only in 1980"
}

## Proof theory, Lambda calculus
@InCollection{Howard80,
  author      = {William A. Howard},
  title       = "The formulae-as-types notion of constructions",
  booktitle   = "to H.B. Curry: Essays on Combinatory Logic, Lambda Calculus
                 and Formalism",
  editors     = {J.P. Seldin and J.R. Hindley},
  publisher   = {Academic Press},
  year        = 1980,
  note        = "Unpublished manuscript of 1969"
}

@PhDThesis{Ilik10,
  author      = {Danko Ilik},
  title       = {Preuves constructives de compl\'etude et 
                 contr\^ole d\'elimit\'e},
  school      = {\'Ecole Polytechnique},
  type        = {PhD},
  year        = 2010
}

@Article{Ilik11,
  author      = {Danko Ilik},
  title       = {Delimited control operators prove double-negation
                 shift},
  journal     = {Annals of Pure and Applied Logic},
  year        = 2011,
  note        = {In press}
}

## Proof theory, Delimited control

@Article{Ilik11b,
  author      = {Danko Ilik},
  title       = {Continuation-passing Style Models Complete for Intuitionistic Logic},
  journal     = {Annals of Pure and Applied Logic},
  year        = 2016,
  volume      = 164,
  number      = 6}
}

@article{IlikLeeHerbelin10,
  author      = {Danko Ilik and Gyesik Lee and Hugo Herbelin},
  title       = {Kripke Models for Classical Logic},
  editor      = {Steffen van Bakel and Stefano Berardi and Ulrich Berger},
  journal     = {Annals of Pure and Applied Logic},
  year        = {2010},
  volume      = {161},
  number      = {11},
  pages       = {1367-1378},
  ee          = {http://dx.doi.org/10.1016/j.apal.2010.04.007},
  note        = {Special Issue on Classical Logic and Computation}
}

@article{Ishihara05,
  author      = {Ishihara, Hajime},
  year        = {2005},
  month       = {10},
  pages       = {},
  title       = {Constructive Reverse Mathematics: Compactness Properties},
  volume      = {48},
  journal     = {From Sets and Types to Topology and Analysis: 
                 Towards Practicable Foundations for Constructive Mathematics},
  doi         = {10.1093/acprof:oso/9780198566519.003.0016}
}

## WKL, Fan Theorem 
@article{Ishihara06,
  author      = {Hajime Ishihara},
  title       = {{W}eak {K}önig's {L}emma {I}mplies {B}rouwer's {F}an {T}heorem: {A} {D}irect {P}roof},
  fjournal    = {Notre Dame Journal of Formal Logic},
  journal     = {Notre Dame J. Formal Logic},
  month       = {04},
  number      = {2},
  pages       = {249–252},
  publisher   = {Duke University Press},
  doi         = {10.1305/ndjfl/1153858649},
  url         = {https://doi.org/10.1305/ndjfl/1153858649},
  volume      = {47},
  year        = {2006}
}

@inproceedings{JaberLewertowskiPedrotSozeauTabareau16,
  author      = {Guilhem Jaber and
                 Gabriel Lewertowski and
                 Pierre{-}Marie P{\'{e}}drot and
                 Matthieu Sozeau and
                 Nicolas Tabareau},
  title       = {The Definitional Side of the Forcing},
  booktitle   = {Proceedings of the 31st Annual {ACM/IEEE} Symposium on Logic in Computer
                 Science, {LICS} '16, New York, NY, USA, July 5-8, 2016},
  pages       = {367--376},
  year        = {2016},
  editor      = {Martin Grohe and
                 Eric Koskinen and
                 Natarajan Shankar},
  publisher   = {{ACM}},
  url         = {http://doi.acm.org/10.1145/2933575.2935320},
  doi         = {10.1145/2933575.2935320},
}

@article{Jaskowski34,
  author      = {Stanaslaw Ja{\v{s}}kowski},
  year        = 1934,
  title       = {On the Rules of Suppositions in Formal Logic},
  journal     = {Studia Logica},
  volume      = 1,
  pages       = {5-32},
  note        = {Reprinted in S. McCall (1967) Polish Logic 1920-1939, Oxford: Oxford Univ. Press, pp. 232–258}
}

@book{Jech73,
  title       = {The Axiom of Choice},
  author      = {Thomas J. Jech},
  year        = {1973},
  publisher   = {Courier corporation},
  series      = {Dover Books on Mathematics Series}
}

## Lambda calculus
@article{JoaMat03,
  author      = {Felix Joachimski and Ralph Matthes},
  title       = {Short proofs of normalization for the simply-typed 
                 lambda-calculus, permutative conversions and {G}\"odel's {T}},
  journal     = {Arch. Math. Log.},
  volume      = {42},
  number      = {1},
  year        = {2003},
  pages       = {59-87},
  ee          = {http://dx.doi.org/10.1007/s00153-002-0156-9},
  bibsource   = {DBLP, http://dblp.uni-trier.de}
}

## Logic
@article{Johansson37,
  author      = {Ingebrigt Johansson},
  title       = {Der Minimalkalk\"ul, ein reduzierter intuitionistischer
                 Formalismus},
  journal     = {Compositio Mathematica},
  volume      = 4,
  year        = 1937,
  pages       = {119-136}
}

## Computational classical logic, Linear logic
@PhDThesis{JoinetPhD,
  author      = {Jean-Baptiste Joinet},
  title       = {\'Etude de la normalisation du calcul des s\'equents classique \`a travers la logique lin\'eaire},
  school      = {University Paris 7},
  type        = {{Ph.D.} Thesis},
  month       = jan,
  year        = 1993,
}

## Control operators
@InProceedings{KamHas03,
  author      = "Yukiyoshi Kameyama and Masahito Hasegawa",
  title       = "A Sound and Complete Axiomatization of Delimited
                 Continuations",
  booktitle   = "Proceedings of the Eighth ACM SIGPLAN International Conference
                 on Functional Programming, ICFP 2003, Uppsala, Sweden, August
                 25-29, 2003",
  editor      = {Colin Runciman and Olin Shivers},
  series      = "SIGPLAN Notices",
  volume      = "38(9)",
  pages       = "177-188",
  publisher   = acm,
  year        = "2003",
}

## Homotopy
@journal{Kan55,
  title       = {Abstract Homotopy I},
  author      = {Daniel M. Kan},
  year        = {1955},
  journal     = {Proc. Nat. Acad. Sci.  U.S.A.},
  volume      = 41,
  pages       = {1092-1096}
}

## Completeness theorem
@book{Kanger57,
  author      = {Stig Kanger},
  title       = {Provability in Logic},
  publisher   = {Stockholm, Almqvist \& Wiksell},
  series      = {Acta Universitatis Stockholmiensis},
  year        = {1957},
}

## Sequent calculus
@article{KesPueTan96,
  author      = {Delia Kesner and Laurence Puel and Val Tannen},
  title       = {A Typed Pattern Calculus},
  journal     = {Inf. Comput.},
  volume      = {124},
  number      = {1},
  year        = {1996},
  pages       = {32-61},
  bibsource   = {DBLP, http://dblp.uni-trier.de}
}

## Sequent calculus
@unpublished{Kfoury95,
  author      = {Assaf Kfoury},
  title       = {Computability and Logic, Handout 1},
  year        = {1995},
  note        = {http://www.cs.bu.edu/faculty/kfoury/UNI-Teaching/CS512/AK_Documents_Past_Semesters/hand1.pdf}
}

## Sequent calculus
@article{KimuraTatsuta13,
  author      = {Daisuke Kimura and Makoto Tatsuta},
  title       = {Call-by-Value and Call-by-Name Dual Calculi with Inductive and Coinductive
                 Types},
  journal     = {Logical Methods in Computer Science},
  volume      = {9},
  number      = {1},
  year        = {2013},
  url         = {https://doi.org/10.2168/LMCS-9(1:14)2013},
  doi         = {10.2168/LMCS-9(1:14)2013},
}

## Arithmetical hierarchy
@article{Kleene43,
  author      = {Stephen C. Kleene},
  title       = {Recursive predicates and quantifiers},
  journal     = {Transactions of the American Mathematical Society},
  volume      = {53},
  pages       = {41-73},
  year        = {1943}
}

## Realizability
@article{Kleene45,
  author      = {Stephen C. Kleene},
  title       = {On the interpretation of intuitionistic number theory},
  journal     = {The Journal of Symbolic Logic},
  volume      = {10},
  number      = {4},
  pages       = {109-124},
  year        = {1945}
}

@inproceedings{Kleene52,
  author      = "Stephen C. Kleene",
  title       = "Recursive functions and intuitionistic mathematics",
  editor      = "L.M. Graves and E. Hille and P.A. Smith and O. Zariski",
  booktitle   = "Proceedings of the International Congress of Mathemaiticans",
  month       = "August",
  year        = 1950,
  publisher   = "Cambridge, Mass.",
  pages       = "679–685"
}

## Proof theory
@book{Kleene62,
  author      = {Stephen C. Kleene},
  title       = {Introduction to Metamathematics},
  publisher   = {North-Holland},
  year        = 1962,
}

## Proof theory
@book{KleeneVesley65,
  author      = {Stephen Kleene, Richard E. Vesley},
  title       = {The foundations of intuitionistic mathematics},
  publisher   = {North-Holland},
  year        = {1965}
}

## Proof theory
@Book{Kohlenbach08,
  author      = {Ulrich Kohlenbach},
  title       = {Applied Proof Theory: Proof Interpretations and their Use in Mathematics},
  publisher   = {Springer},
  series      = {Monographs in Mathematics},
  year        = {2008},
  isbn        = {978-3-540-77532-4}
}

## Negative translation
@inCollection{Kolmogorov25,
  author      = {Andrej N. Kolmogorov},
  year        = {1967},
  title       = {On the principle of the excluded middle},
  pages       = {414-447},
  editors     = {J. van Heijenoort},
  booktitle   = {From Frege to G{\"{o}}del: A Source Book in Mathematical Logic},
  publisher   = {Harvard University Press},
  note        = {original version in Russian ``O принципе tertium non datur'' in Mat. Sbornik 32:646–667, 1925}
}

## No counter-example interpretation
@article{Kreisel51,
  author      = {Georg Kreisel},
  title       = {On the Interpretation of Non-Finitist Proofs - Part I},
  journal     = {J. Symb. Log.},
  volume      = {16},
  number      = {4},
  year        = {1951},
  pages       = {241-267},
  ee          = {http://projecteuclid.org/euclid.jsl/1183731224},
}

## No counter-example interpretation
@article{Kreisel52,
  author      = {Georg Kreisel},
  title       = {On the Interpretation of Non-Finitist Proofs: Part II. 
                 Interpretation of Number Theory. Applications},
  journal     = {J. Symb. Log.},
  volume      = {17},
  number      = {1},
  year        = {1952},
  pages       = {43-58},
  ee          = {http://projecteuclid.org/euclid.jsl/1183731316},
}

## Intuitionistic logic, completeness
@article{Kreisel58,
  author       = {Georg Kreisel},
  title        = {Elementary Completeness Properties of Intuitionistic
                 Logic With a Note on Negations of Prenex Formulae},
  journal      = {Journal of Symbolic Logic},
  volume       = 23,
  number       = 3,
  year         = 1958,
  pages        = {317--330},
  bibsource    = {DBLP, http://dblp.uni-trier.de}
}

## Proof theory
@article{Kreisel58a,
  author      = {Georg Kreisel},
  title       = {The non-derivability of $\neg$ (x) {A}(x) $\rightarrow$ ({E}x) $\neg$ {A}(x), {A} primitive recursive, in intuitionistic formal systems (abstract)},
  journal     = {The Journal of Symbolic Logic},
  volume      = {23},
  number      = {4},
  month       = {dec},
  year        = {1958},
  pages       = {456-461}
}

## Proof theory
@article{Kreisel58b,
  author      = {Georg Kreisel},
  title       = {Mathematical significance of consistency proofs},
  journal     = {The Journal of Symbolic Logic},
  volume      = {23},
  number      = {2},
  month       = {jun},
  year        = {1958},
  pages       = {155-182}
}

## Realisability
@incollection{Kreisel59,
  author      = {Georg Kreisel},
  title       = {Interpretation of Analysis by means of Functionals of
                 Finite Type},
  booktitle   = {Constructivity in Mathematics},
  pages       = {101--128},
  editor      = {A. Heyting},
  publisher   = {North-Holland},
  year        = 1959,
  reviews     = "JSL 36.169; MR 21#5568; ZBL 134.10"
}

## Intuitionistic logic, completeness
@Article{Kreisel62,
  author      = "Georg Kreisel",
  title       = "On Weak Completeness of Intuitionistic Predicate Logic",
  journal     = "J. Symb. Log.",
  volume      = 27,
  number      = 2,
  year        = 1962,
  pages       = "139--158"
}

## Axiom of Choice
@manuscript{Krieger03,
  author      = {Henry Krieger},
  title       = {Equivalence of the {A}xiom of {C}hoice, the {W}ell-ordering {T}heorem, and {Z}orn’s {L}emma},
  note        = {teaching material for Mathematics 331, Harvey Mudd College, Fall, 2003}
}

## Intuitionistic logic, Semantics
@inproceedings{Kripke63,
  author      = {Saul Kripke},
  title       = {Semantical analysis of intuitionistic logic},
  journal     = {Journal of Inf. Process. and Cybern.},
  editor      = {J. Crossley and M. A. E. Dummett},
  booktitle   = {Formal Systems and Recursive Functions},
  series      = {Studies in logic and the foundations of mathematics},
  publisher   = {North Holland},
  year        = {1963},
  pages       = {92–130}
}

## Proof theory, Lambda calculus
@unpublished{Krivine87a,
  author      = {Jean-Louis Krivine},
  title       = {Programmation en {A}ritm\'etique {F}onctionnelle 
                du {S}econd {O}rdre},
  year        = {1987},
}

## Computational classical logic, Lambda calculus
@article{KrivineParigot90,
  author      = {Jean-Louis Krivine and Michel Parigot},
  title       = {Programming with proofs},
  journal     = {Journal of Inf. Process. and Cybern.},
  publisher   = EIK,
  volume      = {26},
  number      = {3},
  year        = {1990},
  pages       = {149-167},
}

## Abstract machines
@Unpublished{Krivine86,
  author      = {Jean-Louis Krivine},
  title       = {Un interpréteur du lambda-calcul},
  year        = {1986},
  note        = {Unpublished}
}

## Proof theory, Lambda calculus
@Book{Krivine93,
  author      = {Jean-Louis Krivine},
  title       = {Lambda-calculus, types and models},
  publisher   = {Ellis Horwood},
  year        = {1993},
}

## Proof theory, Lambda calculus
@Book{Krivine90,
  author      = {Jean-Louis Krivine},
  title       = {Lambda-calcul, types et modèles},
  publisher   = {Masson},
  address     = {Paris},
  year        = {1990},
}

## Was Krivine90 too
@article{Krivine90b,
  author      = {Krivine, Jean-Louis},
  title       = {Opérateurs de mise en mémoire et traduction de Gödel},
  journal     = {Archive for Mathematical Logic},
  volume      = {30},
  number      = {4},
  year        = {1990},
  publisher   = {Springer-Verlag},
  pages       = {241-267},
  language    = {French}
}

@article{Krivine94,
  author      = {Jean{-}Louis Krivine},
  title       = {Classical Logic, Storage Operators and Second-Order lambda-Calculus},
  journal     = {Ann. Pure Appl. Logic},
  volume      = {68},
  number      = {1},
  pages       = {53--78},
  year        = {1994},
}

## Computational classical logic, Lambda calculus
@article{Krivine96a,
  author      = {Jean-Louis Krivine},
  title       = {About Classical Logic and Imperative Programming},
  journal     = {Ann. Math. Artif. Intell.},
  volume      = {16},
  year        = {1996},
  pages       = {405-414},
  bibsource   = {DBLP, http://dblp.uni-trier.de}
}

## Proof theory
@article{Krivine96b,
  author    = {Jean-Louis Krivine},
  title     = {Une preuve formelle et intuitionniste du th{\'e}or{\`e}me
               de compl{\'e}tude de la logique classique},
  journal   = {Bulletin of Symbolic Logic},
  volume    = {2},
  number    = {4},
  year      = {1996},
  pages     = {405-421},
  ee        = {http://www.math.ucla.edu/$\sim$asl/bsl/0204/0204-003.ps},
}

## Proof theory
@Article{Krivine01,
  author      = {Jean-Louis Krivine},
  title       = {Typed lambda-calculus in classical {Z}ermelo-{F}raenkel
                 set theory},
  journal     = {Arch. Math. Log.},
  volume      = 40,
  number      = 3,
  pages       = {189-205},
  year        = {2001},
}

## Proof theory, Classical choice
@article{Krivine03,
  author      = {Jean-Louis Krivine},
  title       = {Dependent choice, `quote' and the clock},
  journal     = {Theor. Comput. Sci.},
  volume      = {308},
  number      = {1-3},
  year        = {2003},
  pages       = {259-276},
  bibsource   = {DBLP, http://dblp.uni-trier.de}
}

## Proof theory
@Article{Krivine04,
  author      = {Jean-Louis Krivine},
  title       = {Realizability in classical logic},
  journal     = {Panoramas et synthèses},
  publisher   = {Société Mathématique de France},
  year        = {2004},
  note        = {To appear}
}

## Abstract machines
@article{Krivine05,
  author      = {Jean-Louis Krivine},
  title       = {A call-by-name lambda-calculus machine},
  journal     = hosc,
  year        = {2005},
  note        = {Extended version of~\cite{Krivine86}}
}

@article{Krivine11,
  author      = {Jean-Louis Krivine},
  title       = {Realizability algebras: a program to well order R},
  journal     = {Logical Methods in Computer Science},
  volume      = {7},
  number      = {3},
  year        = {2011},
  ee          = {http://dx.doi.org/10.2168/LMCS-7(3:2)2011},
}

## Proof theory
@article{Krivtsov10,
  author      = {Victor N. Krivtsov},
  title       = {An Intuitionistic Completeness Theorem for Classical Predicate Logic},
  journal     = {Studia Logica: An International Journal for Symbolic Logic},
  volume      = 96,
  number      = 1,
  month       = oct,
  year        = 2010,
  pages       = {109-115},
  publisher   = {Springer}
}

@article{Krivtsov15,
  author      = {Victor N. Krivtsov},
  title       = {Semantical Completeness of First-Order Predicate Logic and the Weak
                 Fan Theorem},
  journal     = {Studia Logica},
  volume      = {103},
  number      = {3},
  pages       = {623--638},
  year        = {2015},
}


## Classical logic, intuitionistic logic
@article{Kuroda51,
  author      = {Sigekatu Kuroda},
  title       = {Intuitionistische Untersuchungen des formalistischen Logik},
  pages       = {35-47},
  journal     = {Kuroda Math. J.},
  volume      = 3,
  year        = 1951,
}

## Lambda calculus, Control operators
@TechReport{LafReuStr93,
  author      = {Yves Lafont and Bernhard Reus and Thomas Streicher},
  title       = {Continuations Semantics or Expressing Implication by Negation},
  number      = {9321},
  institution = {Ludwig-Maximilians-Universität, München},
  year        = {1993},
}

## Lambda calculus, Control operators
@inproceedings{Laird97,
  author      = {James Laird},
  title       = {Full Abstraction for Functional Languages with Control},
  booktitle   = {LICS},
  year        = {1997},
  pages       = {58-67},
  bibsource   = {DBLP, http://dblp.uni-trier.de}
}

## CCC
@incollection{Lambek72,
  author      = {Lambek, Joachim},
  booktitle   = {Toposes, Algebraic Geometry and Logic},
  volume      = {274},
  series      = {Lecture Notes in Mathematics},
  editor      = {Lawvere, F.W.},
  doi         = {10.1007/BFb0073965},
  title       = {Deductive systems and categories III. Cartesian closed categories, intuitionist propositional calculus, and combinatory logic},
  publisher   = {Springer Berlin Heidelberg},
  year        = {1972},
  pages       = {57-82},
}

## Abstract machines
@Article{Landin64,
  author      = {Peter Landin},
  title       = {The mechanical evaluation of expressions},
  journal     = {The Computer Journal},
  publisher   = {Oxford University Press},
  year        = {1964},
  month       = jan,
  pages       = {308--320},
  volume      = 6,
  number      = 4
}

@Article{Landin65a,
  author      = {Peter Landin},
  title       = {A correspondence between ALGOL 60 and Church's lambda-notation},
  journal     = {Communications of the ACM},
  publisher   = {ACM},
  year        = {1965},
  pages       = {89--101 and 158--165},
  volume      = 8
}

## Control operators
@TechReport{Landin65b,
  author      = {Peter Landin},
  title       = {A generalisation of jumps and labels},
  number      = {ECS-LFCS-88-66},
  institution = {UNIVAC Systems Programming Research},
  month       = Aug,
  year        = {1965},
  note        = {Reprinted in {\tt Higher Order and Symbolic Computation}, 11(2), 1998},
}

## HoTT
@article{Lasson14,
  title       = "Canonicity of Weak $\omega$-groupoid Laws Using Parametricity Theory",
  journal     = "Electronic Notes in Theoretical Computer Science",
  volume      = "308",
  pages       = "229 - 244",
  year        = "2014",
  note        = "Proceedings of the 30th Conference on the Mathematical Foundations of Programming Semantics (MFPS XXX)",
  issn        = "1571-0661",
  doi         = "https://doi.org/10.1016/j.entcs.2014.10.013",
  url         = "http://www.sciencedirect.com/science/article/pii/S1571066114000802",
  author      = "Marc Lasson",
  keywords    = "type theory, parametricity, loop spaces, groupoids, identity types"
}

## Linear logic
@PhDThesis{LaurentPhD,
  author      = {Olivier Laurent},
  title       = {\'Etude de la polarisation en logique},
  school      = {University Aix-Marseille II},
  type        = {{Ph.D.} Thesis},
  month       = mar,
  year        = 2002,
}

## Computational classical logic, Linear logic
@article{LauQuaTor05,
  author      = {Olivier Laurent and Myriam Quatrini and
                 Lorenzo Tortora de Falco},
  title       = {Polarized and focalized linear and classical proofs},
  journal     = {Ann. Pure Appl. Logic},
  volume      = {134},
  number      = {2-3},
  year        = {2005},
  pages       = {217-264},
  ee          = {http://dx.doi.org/10.1016/j.apal.2004.11.002},
}

@inproceedings{LeBotRem03,
  author      = {Didier Le Botlan and Didier R{\'e}my},
  title       = {ML$^{\mbox{F}}$: raising ML to the power of system F},
  pages       = {27-38},
  ee          = {http://doi.acm.org/10.1145/944705.944709},
  editor      = {Colin Runciman and Olin Shivers},
  booktitle   = {Proceedings of the Eighth ACM SIGPLAN International Conference
                 on Functional Programming, ICFP 2003, Uppsala, Sweden, August
                 25-29, 2003},
  publisher   = {ACM},
  year        = {2003},
  isbn        = {1-58113-756-7},
  bibsource   = {DBLP, http://dblp.uni-trier.de}
}

@article{LeFanu08,
  author      = {{LeFanu Lumsdaine}, Peter},
  title       = "{Weak omega-categories from intensional type theory}",
  journal     = {ArXiv e-prints},
archivePrefix = "arXiv",
  eprint      = {0812.0409},
  primaryClass = "math.LO",
  keywords    = {Mathematics - Logic, Mathematics - Category Theory, math.CT},
  year        = 2008,
  month       = dec,
}

## AF2
@InProceedings{Leivant83,
 author       = {Daniel Leivant},
 title        = {Reasoning about Functional Programs and Complexity Classes 
                 Associated with Type Disciplines},
 booktitle    = {24th Symposium on the Foundations of Computer Sciences},
 year         = 1983,
 pages        = {460-469},
}

## Syntactic translations
@article{Leivant85,
 author       = {Leivant, Daniel},
 title        = {Syntactic Translations and Provably Recursive Functions},
 journal      = {The Journal of Symbolic Logic},
 volume       = {50},
 number       = {3},
 pages        = {682-688},
 ISSN         = {00224812},
 year         = {1985},
}

@incollection{Leivant90,
 author       = {Daniel Leivant},
 title        = {Contracting proofs to programs},
 booktitle    = {Logic and Computer Science},
 editor       = {P. Odifreddi},
 publisher    = {Academic Press},
 address      = {London},
 year         = 1990,
 pages        = {279--327},
}

## Computational classical logic, Lambda calculus
@article{Lengrand03,
  author      = {Stéphane Lengrand},
  title       = {Call-by-value, call-by-name, and strong normalization for
                 the classical sequent calculus},
  journal     = entcs,
  volume      = {86},
  number      = {4},
  year        = {2003},
  bibsource   = {DBLP, http://dblp.uni-trier.de}
}

## Abstract machines
@TechReport{Leroy90,
  author      = {Xavier Leroy},
  title       = {The ZINC experiment : an economical implementation of the 
                 ML language},
  institution = {INRIA - Rocquencourt},
  number      = {RT-0117},
  year        = 1990,
}

## Axiom of choice
@article{Levy64,
  author      = {Azriel L{\'e}vy},
  title       = {The interdependence of certain consequences of the axiom of choice},
  journal     = {Fundamenta Mathematicae},
  keywords    = {set theory},
  language    = {eng},
  number      = {2},
  pages       = {135-157},
  url         = {http://eudml.org/doc/213754},
  volume      = {54},
  year        = {1964},
}

## Set theory
@book{Levy65,
  author      = {Azriel L{\'e}vy},
  title       = {A hierarchy of formulas in set theory},
  series      = {Memoirs of the American Mathematical Society},
  number      = {57--59},
  year        = {1965},
  publisher   = {American Mathematical Society},
  address     = {Providence},
}

## Lambda-calculus
@inproceedings{Levy99,
  author      = {Paul Blain Levy},
  title       = {Call-by-Push-Value: {A} Subsuming Paradigm},
  booktitle   = {Typed Lambda Calculi and Applications, 4th International Conference,
                 TLCA'99, L'Aquila, Italy, April 7-9, 1999, Proceedings},
  pages       = {228--242},
  year        = {1999},
  doi         = {10.1007/3-540-48959-2_17},
  editor      = {Jean{-}Yves Girard},
  series      = {Lecture Notes in Computer Science},
  volume      = {1581},
  publisher   = {Springer},
  isbn        = {3-540-65763-0},
}

@inproceedings{LiangMiller09,
  author      = {Chuck Liang and Dale Miller},
  title       = {A Unified Sequent Calculus for Focused Proofs},
  booktitle   = {Proceedings of the 24th Annual {IEEE} Symposium on Logic in Computer
                 Science, {LICS} 2009, 11-14 August 2009, Los Angeles, CA, {USA}},
  pages       = {355--364},
  year        = {2009},
  url         = {http://dx.doi.org/10.1109/LICS.2009.47},
  doi         = {10.1109/LICS.2009.47},
  publisher   = {{IEEE} Computer Society},
  isbn        = {978-0-7695-3746-7},
}


## Computational classical logic, Lambda calculus
@PhDThesis{Likavec05,
  author      = "Silvia Likavec",
  title       = {Types for object oriented and functional languages},
  school      = {Università degli Studi di Torino},
  type        = {{Ph.D.} Thesis},
  month       = feb,
  year        = 2005,
}

##
@article{Lillibridge99,
  author      = {Mark Lillibridge},
  title       = {Unchecked Exceptions Can Be Strictly More Powerful Than
                 Call/CC},
  journal     = {Higher-Order and Symbolic Computation},
  volume      = {12},
  number      = {1},
  year        = {1999},
  pages       = {75-104},
  bibsource   = {DBLP, http://dblp.uni-trier.de}
}

## Proof theory, Game semantics
@PhDThesis{Lorenz61,
  author      = "Kuno Lorenz",
  title       = {Arithmetik und Logik als Spiele},
  school      = {Universit\"at Kiel},
  type        = {Dissertation},
  year        = 1961
}

## Proof theory, Game semantics
@InProceedings{Lorenzen58,
  author      = "Paul Lorenzen",
  title       = "Logik und Agon",
  booktitle   = "Atti del XII Congresso Internationale de Filosofia, Venezia",
  pages       = "187-194",
  year        = 1958,
  note        = "Reprinted in~\cite{LorLor78}",
}

## Proof theory, Game semantics
@Book{LorLor78,
  author      = {Paul Lorenzen and Kuno Lorenz},
  title       = {Dialogische Logik},
  publisher   = {Wissenschaftliche Buchgesellschaft},
  address     = {Darmstadt},
  year        = 1978
}

## Proof theory
@Article{LukasiewiczTarski30,
  author      = {Jan {\L}ukasiewicz and Alfred Tarski},
  title       = {Untersuchungen uber den Aussagenkalk\"ul},
  journal     = {Comptes Rendus des séances de la Société des Sciences et des lettres de Varsovie, Classe III},
  volume      = 23,
  year        = 1930,
  pages       = {30-50},
  notes       = {English translation in ~\cite{Tarski56}}
}

## Call-by-need
@article{MarOdeWad98,
  author      = {John Maraist and Martin Odersky and Philip Wadler},
  title       = {The Call-by-Need Lambda Calculus},
  journal     = {J. Funct. Program.},
  volume      = {8},
  number      = {3},
  year        = {1998},
  pages       = {275-317},
  bibsource   = {DBLP, http://dblp.uni-trier.de}
}

## Type theory
@TechReport{MartinLof71,
  author      = {Per Martin-L\"of},
  title       = {A theory of types},
  institution = {University of Stockholm},
  number      = {71-3},
  year        = 1971,
}

## Type theory
@inProceedings{MartinLof75,
  author      = {Per Martin-L\"of},
  title       = {An Intuitionistic Theory of Types, Predicative Part},
  booktitle   = "Logic Colloquium",
  editors     = {H.E. Rose and J.C. Shepherdson},
  publisher   = "North Holland",
  year        = {1975},
  pages       = "73-118"
}

## Type theory
@Book{MartinLof84,
  author      = {Per Martin-L\"of},
  title       = {Intuitionistic type theory},
  publisher   = {Bibliopolis},
  year        = 1984
}

## Type theory
@inproceedings{McBride00,
  author    = {Conor McBride},
  title     = {Elimination with a Motive},
  booktitle = {Types for Proofs and Programs, International Workshop, {TYPES} 2000,
               Durham, UK, December 8-12, 2000, Selected Papers},
  pages     = {197--216},
  year      = {2000},
  editor    = {Paul Callaghan and
               Zhaohui Luo and
               James McKinna and
               Robert Pollack},
  series    = {Lecture Notes in Computer Science},
  volume    = {2277},
  publisher = {Springer}
}

## Completeness theorem
@article{McCarty08,
  author      = {Charles McCarty},
  title       = {Completeness and Incompleteness for Intuitionistic Logic},
  journal     = {The Journal of Symbolic Logic},
  volume      = 73,
  number      = 4,
  month       = Dec,
  year        = 2008
}

## Semantics of lambda-calculus
@article{MelliesTabareau10,
  author      = {Paul{-}Andr{\'{e}} Melli{\`{e}}s and Nicolas Tabareau},
  title       = {Resource modalities in tensor logic},
  journal     = {Ann. Pure Appl. Logic},
  volume      = {161},
  number      = {5},
  pages       = {632--653},
  year        = {2010},
}

@inproceedings{MelliesTabareauTasson09,
  author      = {Paul{-}Andr{\'{e}} Melli{\`{e}}s and
                 Nicolas Tabareau and
                 Christine Tasson},
  title       = {An Explicit Formula for the Free Exponential Modality of Linear Logic},
  booktitle   = {Automata, Languages and Programming, 36th Internatilonal Colloquium,
                 {ICALP} 2009, Rhodes, Greece, July 5-12, 2009, Proceedings, Part {II}},
  pages       = {247--260},
  year        = {2009},
  editor      = {Susanne Albers and
                 Alberto Marchetti{-}Spaccamela and
                 Yossi Matias and
                 Sotiris E. Nikoletseas and
                 Wolfgang Thomas},
  series      = {Lecture Notes in Computer Science},
  volume      = {5556},
  publisher   = {Springer},
}

@article{Miller71,
  author      = {Dale Miller},
  title       = {A Logic Programming Language with Lambda-Abstraction, Function
                 Variables, and Simple Unification},
  journal     = {J. Log. Comput.},
  volume      = {1},
  number      = {4},
  year        = {1991},
  pages       = {497-536},
  bibsource   = {DBLP, http://dblp.uni-trier.de}
}

## Sequent calculus
@inCollection{Mints96,
  author      = {Grigori Mints},
  title       = {Normal forms for sequent derivations},
  booktitle   = {Kreiseliana: About and Around George Kreisel},
  editors     = {P. Odifreddi},
  publisher   = {A.K. Peters}, 
  year        = 1996,
  pages       = {469-492},
}

@inproceedings{Miquel04,
  author      = {Alexandre Miquel},
  title       = {lamda-Z: Zermelo's Set Theory as a {PTS} with 4 Sorts},
  booktitle   = {Types for Proofs and Programs, International Workshop, {TYPES} 2004,
                 Jouy-en-Josas, France, December 15-18, 2004, Revised Selected Papers},
  pages       = {232--251},
  year        = {2004},
  url         = {https://doi.org/10.1007/11617990\_15},
  doi         = {10.1007/11617990\_15},
  editor      = {Jean{-}Christophe Filli{\^{a}}tre and
                 Christine Paulin{-}Mohring and
                 Benjamin Werner},
  series      = {Lecture Notes in Computer Science},
  volume      = {3839},
  publisher   = {Springer},
}

@inproceedings{Miquel11,
  author      = {Alexandre Miquel},
  title       = {Forcing as a Program Transformation},
  booktitle   = {Proceedings of the 26th Annual {IEEE} Symposium on Logic in Computer
                 Science, {LICS} 2011, June 21-24, 2011, Toronto, Ontario, Canada},
  pages       = {197--206},
  year        = {2011},
  url         = {https://doi.org/10.1109/LICS.2011.47},
  doi         = {10.1109/LICS.2011.47},
  publisher   = {{IEEE} Computer Society},
}

@inproceedings{Miquey17,
  author      = {{\'{E}}tienne Miquey},
  title       = {A Classical Sequent Calculus with Dependent Types},
  booktitle   = {Programming Languages and Systems - 26th European Symposium on Programming,
                 {ESOP} 2017, Held as Part of the European Joint Conferences on Theory
                 and Practice of Software, {ETAPS} 2017, Uppsala, Sweden, April 22-29,
                 2017, Proceedings},
  pages       = {777--803},
  year        = {2017},
  url         = {https://doi.org/10.1007/978-3-662-54434-1\_29},
  doi         = {10.1007/978-3-662-54434-1\_29},
  editor      = {Hongseok Yang},
  series      = {Lecture Notes in Computer Science},
  volume      = {10201},
  publisher   = {Springer},
}

@inproceedings{Miquey18,
  author      = {{\'{E}}tienne Miquey},
  title       = {A sequent calculus with dependent types for classical arithmetic},
  booktitle   = {Proceedings of the 33rd Annual {ACM/IEEE} Symposium on Logic in Computer
                 Science, {LICS} 2018, Oxford, UK, July 09-12, 2018},
  pages       = {720--729},
  year        = {2018},
  url         = {http://doi.acm.org/10.1145/3209108.3209199},
  doi         = {10.1145/3209108.3209199},
  editor      = {Anuj Dawar and Erich Gr{\"{a}}del},
  publisher   = {{ACM}},
}

## Lambda calculus, Call-by-value
@TechReport{Moggi88,
  author      = {Eugenio Moggi},
  title       = {Computational lambda-calculus and monads},
  number      = {ECS-LFCS-88-66},
  institution = {Edinburgh Univ.},
  year        = 1988
}

@Article{Moskowski48,
  author      = {Andrzej Moskowski},
  title       = {Proofs of non-deducibility in intuitionistic functional calculus},
  journal     = {Journal of Symbolic Logic},
  volume      = 13,
  year        = 1948,
  pages       = {193-203}
}

@inproceedings{Munch09,
  author      = {Guillaume Munch{-}Maccagnoni},
  title       = {Focalisation and Classical Realisability},
  booktitle   = {Computer Science Logic, 23rd international Workshop, {CSL} 2009, 18th
                 Annual Conference of the EACSL, Coimbra, Portugal, September 7-11,
                 2009. Proceedings},
  pages       = {409--423},
  year        = {2009},
  editor      = {Erich Gr{\"{a}}del and
                 Reinhard Kahle},
  url         = {https://doi.org/10.1007/978-3-642-04027-6_30},
  doi         = {10.1007/978-3-642-04027-6_30},
  series      = {Lecture Notes in Computer Science},
  volume      = {5771},
  publisher   = {Springer},
}

## Computational classical logic
@PhDThesis{Murthy90,
  author      = {Chetan Murthy},
  title       = {Extracting constructive content from classical proofs},
  school      = {Cornell University},
  type        = {{Ph.D.} Thesis},
  year        = 1990
}

## Computational classical logic, Linear logic
@inproceedings{Murthy92,
  author      = {Chetan R. Murthy},
  title       = {A Computational Analysis of Girard's Translation and LC},
  year        = 1992,
  booktitle   = {Proc.\ of the Seventh Annual IEEE Symposium on Logic in Computer Science},
  address     = {Santa Cruz, CA},
  pages       = {90-101}
}

## Computational classical logic
@inproceedings{Nakano92,
  author    = {Hiroshi Nakano},
  title     = {A Constructive Formalization of the Catch and Throw Mechanism},
  pages     = {82-89},
  booktitle = {Proceedings, Seventh Annual IEEE Symposium on Logic in Computer
               Science, 22-25 June 1992, Santa Cruz, California, USA},
  publisher = {IEEE Computer Society},
  year      = {1992},
  bibsource = {DBLP, http://dblp.uni-trier.de}
}


## Lambda calculus, Game semantics
@InProceedings{Nickau94,
  author      = "Hanno Nickau",
  title       = "Hereditarily Sequential Functionals",
  editor      = "Anil Nerode and Yu. V. Matiyasevich",
  booktitle   = "Proc. Symp. Logical Foundations of Computer Science:
                 Logic at St.\ Petersburg",
  publisher   = "Springer-Verlag",
  volume      = "813",
  series      = lncs,
  pages       = "253--264",
  year        = "1994",
}

## Rewriting
@inproceedings{Nipkow91,
  author      = {Tobias Nipkow},
  title       = {Higher-Order Critical Pairs},
  booktitle   = {Proc.\ 6th IEEE Symp.\ Logic in Computer Science},
  publisher   = {IEEE Press},
  year        = 1991,
  pages       = {342--349}
}

## Proof assistant
@PhDThesis{NorellPhD,
  author      = "Ulf Norell",
  title       = "Towards a practical programming language based on dependent
                 type theory",
  school      = {Chalmers University of Technology},
  type        = {{Ph.D.} Thesis},
  year        = 2007
}

## Normalisation by evaluation
@article{Okada02,
  author      = {Mitsuhiro Okada},
  title       = {A uniform semantic proof for cut-elimination and completeness
                 of various first and higher order logics},
  journal     = {Theor. Comput. Sci.},
  volume      = {281},
  number      = {1-2},
  year        = {2002},
  issn        = {0304-3975},
  pages       = {471--498},
  doi         = {http://dx.doi.org/10.1016/S0304-3975(02)00024-5},
  publisher   = {Elsevier Science Publishers Ltd.},
  address     = {Essex, UK},
}

@article{OkaLeeTar94,
  author      = {Chris Okasaki and Peter Lee and David Tarditi},
  title       = {Call-by-Need and Continuation-Passing Style},
  journal     = {Lisp and Symbolic Computation},
  volume      = {7},
  number      = {1},
  year        = {1994},
  pages       = {57-82},
  bibsource   = {DBLP, http://dblp.uni-trier.de}
}

## Intuitionism, Realisability
@inproceedings{Oliva07,
  author      = "Paulo Oliva",
  title       = "Computational interpretations of classical linear logic",
  booktitle   = "Proceedings of WoLLIC'07",
  publisher   = SV,
  series      = LNCS,
  volume      = 4576,
  pages       = "285-296",
  year        = 2007
}

## Realisability
@article{Oliva08,
  author      = "Paulo Oliva",
  title       = {An analysis of G\"odel's Dialectica interpretation via linear logic},
  publisher   = "Blackwell",
  address     = "Oxford, UK",
  journal     = {Dialectica},
  volume      = {62},
  number      = {2},
  pages       = "269-290",
  year        = 2008
}

## Computational classical logic, Call-by-value
@InProceedings{OngSte97,
  author      = "C.-H. Luke Ong and Charles A. Stewart",
  title       = "A {C}urry-{H}oward Foundation for functional computation with control",
  booktitle   = "Proceedings of ACM SIGPLAN-SIGACT Symposium on Principle of Programming Languages, Paris, January 1997",
  publisher   = "ACM Press",
  pages       = "215-227",
  year        = 1997
}

## Computational classical logic, Category semantics
@InProceedings{Ong96,
  author      = "C.-H. Luke Ong",
  title       = {A semantic view of classical proofs: type-theoretic, categorical, denotational characterizations},
  booktitle   = {Proceedings of 11th IEEE Annual Symposium on Logic in Computer Science},
  publisher   = "IEEE Computer Society Press",
  pages       = {230-241},
  year        = 1996
}

## Dialectica
@InProceedings{dePaiva89,
  author      = {Valeria de Paiva},
  title       = {A Dialectica-like Model of Linear Logic},
  editor      = {David H. Pitt and
                 David E. Rydeheard and
                 Peter Dybjer and
                 Andrew M. Pitts and
                 Axel Poign{\'e}},
  booktitle   = {Category Theory and Computer Science, Manchester, UK, September
                 5-8, 1989, Proceedings},
  publisher   = {Springer},
  pages       = {341-356},
  series      = {Lecture Notes in Computer Science},
  volume      = {389},
  year        = {1989},
}

@inCollection{Palmgren98,
  author      = {Erik Palmgren},
  title       = {On universes in type theory},
  booktitle   = {Twenty Five Years of Constructive Type Theory},
  editors     = {Giovanni Sambin and Jan M. Smith},
  publisher   = {Oxford University Press},
  year        = 1998,
  pages       = {191--204},
}

## Encoding numerals
@inproceedings{Parigot89,
  author      = {Michel Parigot},
  title       = {On the Representation of Data in Lambda-Calculus},
  booktitle   = {{CSL} '89, 3rd Workshop on Computer Science Logic, Kaiserslautern,
                 Germany, October 2-6, 1989, Proceedings},
  pages       = {309--321},
  year        = {1989},
  editor      = {Egon B{\"{o}}rger and
                 Hans Kleine{ }B{\"{u}}ning and
                 Michael M. Richter},
  series      = {Lecture Notes in Computer Science},
  volume      = {440},
  publisher   = {Springer},
  url         = {https://doi.org/10.1007/3-540-52753-2\_47},
  doi         = {10.1007/3-540-52753-2\_47},
  timestamp   = {Tue, 14 May 2019 10:00:42 +0200},
  biburl      = {https://dblp.org/rec/bib/conf/csl/Parigot89},
  bibsource   = {dblp computer science bibliography, https://dblp.org}
}

## Computational classical logic
@inproceedings{Parigot91,
  author      = {Michel Parigot},
  title       = {Free Deduction: An Analysis of "Computations" in Classical
                 Logic.},
  booktitle   = {Logic Programming, First Russian Conference on Logic Programming,
                 Irkutsk, Russia, September 14-18, 1990 - Second Russian
                 Conference on Logic Programming, St. Petersburg, Russia,
                 September 11-16, 1991, Proceedings},
  editor      = {Andrei Voronkov},
  year        = {1991},
  publisher   = {Springer},
  series      = {Lecture Notes in Computer Science},
  volume      = {592},
  pages       = {361-380},
  bibsource   = {DBLP, http://dblp.uni-trier.de}
}

## Computational classical logic
@inProceedings{Parigot92,
  author      = "Michel Parigot",
  title       = "Lambda-mu-calculus: An algorithmic interpretation of classical natural deduction",
  booktitle   = "Logic Programming and Automated Reasoning:
               International Conference LPAR~'92 Proceedings, St. Petersburg,
Russia",
  publisher   = "Springer-Verlag",
  pages       = "190-201",
  year        = "1992"
}

## Computational classical logic, Lambda calculus
@inproceedings{Parigot00,
  author      = {Michel Parigot},
  title       = {Strong Normalization of Second Order Symmetric lambda-Calculus},
  booktitle   = {Foundations of Software Technology and Theoretical Computer
                 Science, 20th Conference, FST TCS 2000 New Delhi, India,
                 December 13-15, 2000, Proceedings},
  year        = {2000},
  pages       = {442-453},
  editor      = {Sanjiv Kapoor and Sanjiva Prasad},
  publisher   = {Springer},
  series      = lncs,
  volume      = {1974},
  isbn        = {3-540-41413-4},
  bibsource   = {DBLP, http://dblp.uni-trier.de}
}

@inproceedings{Paulin-Mohring89,
  author      = {Christine Paulin{-}Mohring},
  title       = {Extracting F(omega)'s Programs from Proofs in the Calculus of Constructions},
  booktitle   = {Conference Record of the Sixteenth Annual {ACM} Symposium on Principles
                 of Programming Languages, Austin, Texas, USA, January 11-13, 1989},
  pages       = {89--104},
  publisher   = {{ACM} Press},
  year        = {1989},
  url         = {http://doi.acm.org/10.1145/75277.75285},
  doi         = {10.1145/75277.75285},
}

## Type theory
@PhDThesis{PaulinHdR,
  author      = {Christine Paulin-Mohring},
  title       = {D\'efinitions Inductives en Th\'eorie des Types d'Ordre 
                 Sup\'erieur},
  school      = {Ecole Normale Sup\'erieure de Lyon},
  type        = {{Habilitation} thesis},
  month       = dec,
  year        = 1996
}

@manuscript{Pedrot17,
  author      = {Pierre-Marie P{\'e}drot},
  year        = {2017},
  title       = {A Parametric {CPS} to Sprinkle {CIC} with Classical Reasoning},
  booktitle   = {Workshop on Syntax and Semantics of Low-Level Languages},
  month       = Jun
}

@inproceedings{PedrotTabareau17,
  author      = {Pierre{-}Marie P{\'{e}}drot and Nicolas Tabareau},
  title       = {An effectful way to eliminate addiction to dependence},
  booktitle   = {32nd Annual {ACM/IEEE} Symposium on Logic in Computer Science, {LICS}
                 2017, Reykjavik, Iceland, June 20-23, 2017},
  pages       = {1--12},
  year        = {2017},
  url         = {https://doi.org/10.1109/LICS.2017.8005113},
  doi         = {10.1109/LICS.2017.8005113},
  publisher   = {{IEEE} Computer Society},
}

@inproceedings{PedrotTabareau18,
  author      = {Pierre{-}Marie P{\'{e}}drot and Nicolas Tabareau},
  title       = {Failure is Not an Option - An Exceptional Type Theory},
  booktitle   = {Programming Languages and Systems - 27th European Symposium on Programming,
                 {ESOP} 2018, Held as Part of the European Joint Conferences on Theory
                 and Practice of Software, {ETAPS} 2018, Thessaloniki, Greece, April
                 14-20, 2018, Proceedings},
  pages       = {245--271},
  year        = {2018},
  url         = {https://doi.org/10.1007/978-3-319-89884-1\_9},
  doi         = {10.1007/978-3-319-89884-1\_9},
  editor      = {Amal Ahmed},
  series      = {Lecture Notes in Computer Science},
  volume      = {10801},
  publisher   = {Springer},
}

## History
@article{Pelletier99,
  author      = {Francis Jeffry Pelletier},
  title       = {A brief History of Natural Deduction},
  year        = {1999},
  journal     = {History and Philosophy of Logic},
  volume      = {20},
  pages       = {1--31},
  number      = {1}
}

## Lambda calculus, Intersection types
@TechReport{Pierce91,
  author      = {Benjamin C. Pierce},
  title       = {Programming with intersection types, union types, and polymorphism},
  number      = {CMU-CS-91-106},
  institution = {Carnegie Mellon University},
  month       = Feb,
  year        = 1991
}

## Lambda calculus, Call-by-value
@article{Plotkin75,
  author      = {Gordon D. Plotkin},
  title       = {Call-by-name, call-by-value and the lambda-calculus},
  journal     = tcs,
  volume      = 1,
  pages       = "125--159",
  year        = {1975},
}

## Lambda calculus
@article{Plotkin77,
  author      = {Gordon D. Plotkin},
  title       = {LCF Considered as a Programming Language},
  journal     = tcs,
  volume      = {5},
  number      = {3},
  year        = {1977},
  pages       = {225-255},
  bibsource   = {DBLP, http://dblp.uni-trier.de}
}

@article{PlotkinPower04,
  author      = {Gordon D. Plotkin and A. John Power},
  title       = {Computational Effects and Operations: An Overview},
  journal     = {Electr. Notes Theor. Comput. Sci.},
  volume      = {73},
  pages       = {149--163},
  year        = {2004},
  url         = {https://doi.org/10.1016/j.entcs.2004.08.008},
  doi         = {10.1016/j.entcs.2004.08.008},
}

@inproceedings{PlotkinPretnarP08,
  author      = {Gordon D. Plotkin and
                 Matija Pretnar},
  title       = {A Logic for Algebraic Effects},
  booktitle   = {Proceedings of the Twenty-Third Annual {IEEE} Symposium on Logic in
                 Computer Science, {LICS} 2008, 24-27 June 2008, Pittsburgh, PA, {USA}},
  pages       = {118--129},
  year        = {2008},
  doi         = {10.1109/LICS.2008.45},
  publisher   = {{IEEE} Computer Society},
}

## Computation classical logic, Explicit substitutions
@PhDThesis{PolonovskiThesis,
  author      = "Emmanuel Polonovski",
  title       = "Subsitutions explicites, logique et normalisation",
  school      = {University Paris 7},
  type        = {{Ph.D.} Thesis},
  month       = Jun,
  year        = 2003
}

@InProceedings{Polonsky15,
  author      = {Andrew Polonsky},
  title       = {{Extensionality of lambda-*}},
  booktitle   = {20th International Conference on Types for Proofs and Programs (TYPES 2014)},
  pages       = {221--250},
  series      = {Leibniz International Proceedings in Informatics (LIPIcs)},
  ISBN        = {978-3-939897-88-0},
  ISSN        = {1868-8969},
  year        = {2015},
  volume      = {39},
  editor      = {Hugo Herbelin and Pierre Letouzey and Matthieu Sozeau},
  publisher   = {Schloss Dagstuhl--Leibniz-Zentrum fuer Informatik},
  address     = {Dagstuhl, Germany},
  URL         = {http://drops.dagstuhl.de/opus/volltexte/2015/5499},
  doi         = {10.4230/LIPIcs.TYPES.2014.221},
}

## Sequent calculus, Lambda calculus
@misc{Pottinger89,
  author      = "Garrel Pottinger",
  title       = "Definite descriptions and excluded middle in the theory of
                 constructions",
  month       = Nov,
  year        = 1989,
  note        = "Communication to the TYPES electronic mailing list",
}

## Proof theory
@Book{Prawitz65,
  author      = "Dag Prawitz",
  title       = "Natural Deduction, a Proof-Theoretical Study",
  publisher   = "Almqvist and Wiksell, Stockholm",
  year        = "1965"
}

@incollection{PrawitzMalmnas68,
  author      = {Dag Prawitz and Per-Erik Malmn\"a{}s},
  title       = {A Survey of Some Connections Between Classical, 
                 Intuitionistic and Minimal Logic},
  editor      = {H. Arnold Schmidt and K. Sch\"u{}tte and H. J. Thiele},
  publisher   = {North-Holland Publishing Company},
  year        = {1968},
  booktitle   = {Contributions to Mathematical Logic, Proceedings of the 
                 Logic Colloquium, Hannover 1966},
  pages       = {215--229}
}

## Computational classical logic, Disjunction
@article{PymRit01,
  author      = "David Pym and Eike Ritter",
  title       = "On the Semantics of Classical Disjunction",
  journal     = "Journal of Pure and Applied Algebra",
  volume      = "159",
  pages       = "315-338",
  year        = "2001"
}

## Computational classical logic
@article{RagSum07,
  author      = {Jayshan Raghunandan and Alexander J. Summers},
  title       = {On the Computational Representation of Classical Logical
                 Connectives},
  journal     = {Electr. Notes Theor. Comput. Sci.},
  volume      = {171},
  number      = {3},
  year        = {2007},
  pages       = {85-109},
  ee          = {http://dx.doi.org/10.1016/j.entcs.2006.12.039},
}

## Open induction
@article{Raoult88,
  author      = "Jean-Claude Raoult",
  title       = "Proving open properties by induction",
  url = "ht   tp://www.sciencedirect.com/science/article/pii/0020019088901263",
  doi         = "10.1016/0020-0190(88)90126-3",
  issn        = "0020-0190",
  journal     = "Information Processing Letters",
  keywords    = "Ordered set, well-quasi-order, effective proof",
  number      = "1",
  pages       = "19–23",
  volume      = "29",
  year        = "1988"
}

## Completeness
@Article{RasiowaSikorski50,
  author      = {Helena Rasiowa and Roman Sikorski},
  title       = {A proof of the completeness theorem of G{\"{o}}del},
  journal     = {Fundamenta Mathematicae},
  volume      = 37,
  number      = 1,
  year        = 1950,
  pages       = {193-200}
}

## Intuitionistic logic, Subtraction
@article{Rauszer74,
  author      = "Cecylia Rauszer",
  title       = "Semi-boolean algebras and their application to intuitionistic logic with dual connectives",
  journal     = "Fundamenta Mathematicae",
  volume      = "83",
  pages       = "219-249",
  year        = "1974"
}

## Control operators, Classical logic
@inproceedings{RehSor94,
  author      = {Jakob Rehof and Morten Heine S{\o}rensen},
  title       = {The Lambda$_{\mbox{Delta}}$-calculus},
  pages       = {516-542},
  editor      = {Masami Hagiya and John C. Mitchell},
  booktitle   = {Theoretical Aspects of Computer Software, International
                 Conference TACS '94, Sendai, Japan, April 19-22, 1994, 
                 Proceedings},
  publisher   = {Springer},
  series      = {Lecture Notes in Computer Science},
  volume      = {789},
  year        = {1994},
  isbn        = {3-540-57887-0},
  bibsource   = {DBLP, http://dblp.uni-trier.de}
}

## Control operators
@inproceedings{Reynolds72,
  author      = {John C. Reynolds},
  title       = {Definitional interpreters for higher-order programming languages},
  booktitle   = {ACM '72: Proceedings of the ACM annual conference},
  year        = {1972},
  pages       = {717--740},
  location    = {Boston, Massachusetts, United States},
  publisher   = {ACM Press},
  address     = {New York, NY, USA},
}

## Lambda calculus, System F
@inproceedings{Reynolds74,
  author      = {John C. Reynolds},
  title       = {Towards a theory of type structure},
  booktitle   = {Symposium on Programming},
  pages       = {408-423},
  publisher   = {Springer},
  editor      = {Bernard Robinet},
  series      = {Lecture Notes in Computer Science},
  volume      = {19},
  year        = {1974},
  isbn        = {3-540-06859-7},
  bibsource   = {DBLP, http://dblp.uni-trier.de}
}

@Article{Reynolds93,
  author      = "Reynolds, John C.",
  title       = "The discoveries of continuations",
  journal     = "LISP and Symbolic Computation",
  year        = "1993",
  volume      = "6",
  number      = "3",
  pages       = "233--247",
  abstract    = "We give a brief account of the discoveries of continuations and related concepts by A. van Wijngaarden, A. W. Mazurkiewicz, F. L. Morris, C. P. Wadsworth, J. H. Morris, M. J. Fischer, and S. K. Abdali.",
  issn        = "1573-0557",
}

@article{RinaldiSchusterWessel17,
  author      = {Rinaldi, Davide and Schuster, Peter and Wessel, Daniel},
  title       = {Eliminating Disjunctions by Disjunction Elimination},
  volume      = {23},
  DOI         = {10.1017/bsl.2017.13},
  number      = {2},
  journal     = {The Bulletin of Symbolic Logic},
  publisher   = {Cambridge University Press},
  year        = {2017},
  pages       = {181–200}
}

## Completeness theorem
@article{RinaldiSchuster16,
  author      = "Davide Rinaldi and Peter Schuster",
  title       = "A universal {K}rull–{L}indenbaum theorem",
  journal     = "Journal of Pure and Applied Algebra",
  volume      = "220",
  number      = "9",
  pages       = "3207 - 3232",
  year        = "2016",
  issn        = "0022-4049",
  doi         = "https://doi.org/10.1016/j.jpaa.2016.02.011",
  url         = "http://www.sciencedirect.com/science/article/pii/S0022404916000438"
}

## Computational classical logic
@InProceedings{Rocheteau05,
  author      = {Jérôme Rocheteau}, 
  title       = {$\lambda\mu$-calculus and duality: call-by-name and call-by-value}, 
  booktitle   = {Term Rewriting and Applications}, 
  publisher   = {Springer-Verlag}, 
  series      = {Lectures Notes in Computer Science}, 
  editor      = {{Giesl}, J\"urgen}, 
  volume      = 3467, 
  pages       = {204--218}, 
  isbn        = {3-540-25596-6}, 
  month       = mar, 
  year        = 2005 
}

@book{RubinRubin63,
  title       = {Equivalents of the Axiom of Choice},
  author      = {Herman Rubin, Jean E. Rubin},
  year        = {1963},
  publisher   = {Elsevier}
}

## Control operators
@article{SabFel93,
  author      = {Amr Sabry and Matthias Felleisen},
  title       = {Reasoning about Programs in Continuation-Passing Style},
  journal     = {Lisp and Symbolic Computation},
  volume      = {6},
  number      = {3-4},
  year        = {1993},
  pages       = {289-360},
  bibsource   = {DBLP, http://dblp.uni-trier.de}
}

## Lambda calculus, Call-by-value
@article{SabWad97,
  author      = {Amr Sabry and Philip Wadler},
  title       = {A Reflection on Call-by-Value},
  journal     = {ACM Trans. Program. Lang. Syst.},
  volume      = {19},
  number      = {6},
  year        = {1997},
  pages       = {916-941},
  bibsource   = {DBLP, http://dblp.uni-trier.de}
}

## Sequent calculus
@InProceedings{Sacerdoti05,
  author      = "Claudio Sacerdoti",
  title       = "Explanation in Natural Language of $\lbdch$-terms",
  year        = "2005",
  booktitle   = {Mathematical Knowledge Management, 4th International 
                 Conference, MKM 2005, Bremen, Germany, July 15-17, 2005, 
                 Revised Selected Papers},
  publisher   = {Springer-Verlag},
  series      = {Lecture Notes in Computer Science},
  editor      = {Michael Kohlhase},
  volume      = {3863},
  year        = {2006},
  pages       = {234-249},
  ee          = {http://dx.doi.org/10.1007/11618027_16},
}

## Control operators, Delimited control
@InProceedings{Saurin05,
  author      = {Alexis Saurin},
  title       = {Separation and the $\lambda\mu$-calculus},
  booktitle   = {0th IEEE Symposium on Logic in Computer Science (LICS 2005),
                 26-29 June 2005, Chicago, IL, USA, Proceedings},
  publisher   = {IEEE Computer Society},
  year        = {2005},
  pages       = {356-365},
  isbn        = {0-7695-2266-1},
  ee          = {http://dx.doi.org/10.1109/LICS.2005.48},
}

## Programming languages
@article{Scheme98,
  title       = {Revised$^5$ Report on the Algorithmic Language Scheme},
  author      = {Kelsey, {(ed.)}, Richard and Clinger, {(ed.)}, William and Rees, (ed.), Jonathan and Hal Abelson and N. I. Adams IV and D. H. Bartley and G. Brooks and R. Kent Dybvig and Daniel P. Friedman and R. Halstead and Chris Hanson and Christopher T. Haynes and Eugene Kohlbecker and D. Oxley and Kent M. Pitman and Guillermo J. Rozas and Guy L. {Steele Jr.} and Gerald J. Sussman and Mitchell Wand},
  year        = 1998,
  journal     = {ACM SIGPLAN Notices},
  publisher   = ACM,
  volume      = 33,
  number      = 9,
  pages       = {26--76},
}

@article{Schonfinkel24,
  author      = {Moses Schönfinkel},
  journal     = {Mathematische Annalen},
  pages       = {305-316},
  title       = {Über die Bausteine der mathematischen Logik},
  volume      = {92},
  year        = {1924},
}

## Completeness theorem
@article{Schutte56,
  author      = {Sch{\"{u}}tte, Kurt},
  title       = {Ein System des Verkn{\"{u}}pfenden Schliessens},
  year        = {1956},
  journal     = {Archiv f{\"{u}}r mathematische Logik und Grundlagenforschung},
  volume      = {2},
  number      = {2-4},
  issn        = {0003-9268},
  doi         = {10.1007/BF01969991},
  publisher   = {Springer-Verlag},
  pages       = {55-67},
  language    = {German}
}

## Proof theory
@book{SchwichtenbergWainer06,
  author      = "Helmut Schwichtenberg and Stanley S. Wainer",
  title       = "Proofs and Computations",
  publisher   = "Cambridge University Press",
  year        = "2011"
}

## Type Theory
@inproceedings{Scott70,
  author      = "Scott, Dana",
  title       = "Constructive validity",
  editor      = "Laudet, Michel and Lacombe, Daniel and Nolin, Louis and Sch{\"{u}}tzenberger, Marcel-Paul",
  booktitle   = "Symposium on Automatic Demonstration",
  year        = "1970",
  publisher   = "Springer Berlin Heidelberg",
  address     = "Berlin, Heidelberg",
  pages       = "237--275",
}

## Sequent calculus
@inproceedings{Scott74,
  author      = {Dana Scott},
  title       = {Completeness and axiomatizability},
  pages       = {411-435},
  booktitle   = {Proceedings of the Tarski symposium},
  year        = {1974},
}

## Computational classical logic, Category semantics
@Unpublished{Seldin03,
  author      = {Jonathan P. Seldin},
  title       = {{C}urry's anticipation of the types used in programming languages},
  year        = {2003},
  note        = "Available on the author web page"
}
  
## Computational classical logic, Category semantics
@article{Selinger01,
  author      = {Peter Selinger},
  title       = {Control categories and duality: on the categorical semantics
                 of the lambda-mu calculus},
  journal     = {Mathematical Structures in Computer Science},
  volume      = {11},
  number      = {2},
  year        = {2001},
  pages       = {207-260},
  bibsource   = {DBLP, http://dblp.uni-trier.de}
}

## Computational classical logic, Category semantics
@Unpublished{Selinger03,
  author      = {Peter Selinger},
  title       = {Some remarks on Control categories},
  year        = {2003},
  note        = "Available on the author web page"
}

## Control operators, Delimited control
@InProceedings{Shan04,
  author      = {{Chung-chieh} Shan},
  title       = {Shift to Control},
  booktitle   = {Proceedings of the 5th workshop on {S}cheme and Functional Programming},
  pages       = {99-107},
  year        = 2004,
  editor      = {Olin Shivers and Oscar Waddell},
}

## Dialectica
@article{Shirahata06,
  author      = {Masaru Shirahata},
  title       = {The {D}ialectica interpretation of first-order
                 classical affine logic},
  journal     = {Theory and Applications of Categories},
  volume      = {17},
  number      = {4},
  year        = {2006},
  pages       = {49–79},
}

@article{SilesHerbelin11,
  author      = {Vincent Siles and Hugo Herbelin},
  title       = {Pure Type Systems conversion is always typable},
  journal     = {Journal of Functional Programming},
  publisher   = {Cambridge University Press},
  year        = {2012},
  volume      = {22},
  number      = {2},
  month       = {Mar},
  pages       = {153-180},
  doi         = {10.1017/S0956796812000044}
}

## Reverse mathematics
@book{Simpson99,
  author      = {Simpson, Stephen G.},
  title       = {Subsystems of Second Order Arithmetic},
  year        = {1999},
  publisher   = {Springer}
}

## Reverse mathematics
@book{Simpson09,
  author      = {Simpson, Stephen G.}, 
  title       = {Subsystems of Second Order Arithmetic}, 
  place       = {Cambridge}, 
  edition     = {2nd}, 
  series      = {Perspectives in Logic}, 
  doi         = {10.1017/CBO9780511581007}, 
  publisher   = {Cambridge University Press}, 
  year        = {2009}, 
  collection  = {Perspectives in Logic}
}

## Control operators, Delimited control
@inproceedings{SitFel90,
  author      = {Dorai Sitaram and Matthias Felleisen},
  title       = {Reasoning with continuations II: full abstraction for models of control},
  booktitle   = {LFP '90: Proceedings of the 1990 ACM conference on LISP and functional programming},
  year        = {1990},
  isbn        = {0-89791-368-X},
  pages       = {161--175},
  location    = {Nice, France},
  doi         = {http://doi.acm.org/10.1145/91556.91626},
  publisher   = {ACM Press},
}

## Intuitionism
@inproceedings{Smorynski73,
  author      = {Craig A. Smorynski},
  title       = {Applications of Kripke models},
  pages       = {324-391},
  year        = 1973,
  booktitle   = {Metamathematical Investigation of Intuitionistic Arithmetic and
                 Analysis},
  crossref    = {Troelstra73}
}

@book{SorensenUrzyczyn99,
  author      = {Morten Heine S{\o}rensen and Pawe{\l} Urzyczyn},
  title       = {Lectures on the Curry-Howard Isomorphism},
  year        = {1999},
}

## Proof assistant
@inproceedings{Sozeau08,
  author      = {Matthieu Sozeau and Nicolas Oury},
  title       = {First-Class Type Classes},
  pages       = {278-293},
  pdfurl      = {http://www-sop.inria.fr/everest/personnel/Benjamin.Gregoire/Publi/pock.pdf},
  booktitle   = {Proceedings of TPHOLS '08},
  year        = 2008,
  month       = Aug,
  publisher   = {Springer-Verlag},
  series      = {Lecture Notes in Computer Science},
  volume      = 5170
}

@unpublished{SozeauTabareau14,
  title       = {Internalization of the Groupoid Interpretation of Type Theory},
  author      = {Matthieu Sozeau and Nicolas Tabareau},
  year        = {2014}
}

@inproceedings{Spector62,
  author      = {Clifford Spector},
  title       = {Provably recursive functionals of analysis: A consistency
                 proof of analysis by an extension of principles in current
                 intuitionistic mathematics},
  pages       = {1–27},
  booktitle   = {Recursive function theory: Proceedings of symposia in pure mathematics},
  year        = 1962,
  editor      = {F. D. E. Dekker},
  publisher   = {American Mathematical Society},
  address     = {Providence, Rhode Island},
  volume      = 5
}

## Programming languages
@book{Steele90,
  title       = {Common Lisp the Language, 2nd edition},
  author      = {Guy L. Steele},
  publisher   = {Digital Press},
  year        = {1990},
  isbn        = {ISBN 1-55558-041-6}
}

## Programming languages
@inproceedings{SteGab93,
  author      = {Guy L. {Steele Jr.} and Richard P. Gabriel},
  title       = {The evolution of Lisp},
  booktitle   = {HOPL-II: The second ACM SIGPLAN conference on History of programming languages},
  year        = {1993},
  isbn        = {0-89791-570-4},
  pages       = {231--270},
  location    = {Cambridge, Massachusetts, United States},
  publisher   = {ACM Press},
  address     = {New York, NY, USA},
}

## Lambda calculus
@article{Stovring06,
  author      = {Kristian St{\o}vring},
  title       = {Extending the Extensional Lambda Calculus with Surjective
                 Pairing is Conservative},
  journal     = {Logical Methods in Computer Science},
  volume      = {2},
  number      = {2},
  year        = {2006},
  ee          = {http://dx.doi.org/10.2168/LMCS-2(2:1)2006},
}

## Realizability
@unpublished{StreicherRealizabilityCourse00,
  author      = {Thomas Streicher},
  title       = {Introduction to Constructive Logic and Mathematics},
  year        = {2000},
  note        = {Available at http://www.mathematik.tu-darmstadt.de/~streicher/CLM/clm.pdf}
}

@article{Streicher13,
  author      = {Thomas Streicher},
  title       = {Krivine's classical realisability from a categorical perspective},
  journal     = {Mathematical Structures in Computer Science},
  volume      = {23},
  number      = {6},
  pages       = {1234--1256},
  year        = {2013},
  url         = {https://doi.org/10.1017/S0960129512000989},
  doi         = {10.1017/S0960129512000989},
}

## Control operators, Computational classical logic, Abstract machines
@article{StrReu98,
  author      = {Thomas Streicher and Bernhard Reus},
  title       = {Classical Logic, Continuation Semantics and Abstract 
                 Machines},
  journal     = {J. Funct. Program.},
  volume      = {8},
  number      = {6},
  year        = {1998},
  pages       = {543-572},
  bibsource   = {DBLP, http://dblp.uni-trier.de}
}

@article{StumpFu16,
  author      = {Aaron Stump and Peng Fu},
  title       = {Efficiency of lambda-encodings in total type theory},
  year        = {2016},
  month       = {03},
  pages       = {},
  volume      = {26},
  journal     = {Journal of Functional Programming},
  doi         = {10.1017/S0956796816000034}
}

## Programming languages
@TechReport{SusSte75,
  author      = {Gerald J. Sussman and Guy L. {Steele Jr.}},
  title       = {Scheme: An Interpreter for Extended Lambda Calculus},
  institution = {Massachusetts Institute of Technology},
  address     = {Cambridge, MA, USA},
  year        = {1975},
  number      = {AIM-349},
  note        = {Reprinted in {\tt Higher Order and Symbolic Computation}, 11(4), 1998},
 }

@article{TabareauTanterSozeau18,
  author      = {Nicolas Tabareau and
                 {\'{E}}ric Tanter and
                 Matthieu Sozeau},
  title       = {Equivalences for free: univalent parametricity for effective transport},
  journal     = {{PACMPL}},
  volume      = {2},
  number      = {{ICFP}},
  pages       = {92:1--92:29},
  year        = {2018},
  url         = {https://doi.org/10.1145/3236787},
  doi         = {10.1145/3236787},
  timestamp   = {Wed, 21 Nov 2018 12:44:28 +0100},
  biburl      = {https://dblp.org/rec/bib/journals/pacmpl/TabareauTS18},
  bibsource   = {dblp computer science bibliography, https://dblp.org}
}

@misc{TabareauTanterSozeau19,
  title       = {The Marriage of Univalence and Parametricity},
  author      = {Nicolas Tabareau and {\'E}ric Tanter and Matthieu Sozeau},
  year        = {2019},
  eprint      = {1909.05027},
  archivePrefix = {arXiv},
  primaryClass= {cs.PL}
}

@article{Tait67,
  author      = {William W. Tait},
  title       = {Intensional interpretations of functionals of finite type I},
  volume      = {32},
  number      = {2},
  journal     = {Journal of Symbolic Logic},
  publisher   = {Cambridge University Press},
  year        = {1967},
  pages       = {198–212}
}

@article{Takeuti57,
  author      = {Gaisi Takeuti},
  journal     = {Journal of Symbolic Logic},
  title       = {On a Generalized Logic Calculus},
  publisher   = {Association for Symbolic Logic},
  volume      = {22},
  pages       = {351--352},
  year        = {1957},
  number      = {4}
}

@Boook{Tarski56,
  author      = {Alfred Tarski},
  title       = {Logic, Semantics, Metamathematics},
  publisher   = {Clarendon Press},
  address     = {Oxford}
}

## Pure type systems
@Unpublished{Terlouw89,
  author      = {J. Terlouw},
  title       = {Een nadere bewijstheoretische analyse van {GSTTs}},
  institution = {University of Nijmegen, Netherlands},
  month       = Apr,
  year        = 1989,
  note        = {in Dutch}
}

## Rewriting
@book{Terese03,
   title      = "Term rewriting systems",
   author     = "Terese",
   series     = "Cambridge tracts in theoretical computer science",
   publisher  = "Cambridge University Press",
   address    = "Cambridge, New York",
   isbn       = "0-521-39115-6",
   year       = 2003
}

## Control operators
@article{Thielecke98,
  author      = {Hayo Thielecke},
  title       = {An Introduction to Landin's ``A Generalization of Jumps
                 and Labels''},
  journal     = hosc,
  volume      = {11},
  number      = {2},
  year        = {1998},
  pages       = {117-123},
  bibsource   = {DBLP, http://dblp.uni-trier.de}
}

## 
@book{Troelstra73,
  author      = "Anne S. Troelstra",
  title       = "Metamathematical Investigation of Intuitionistic Arithmetic and
                 Analysis",
  publisher   = "Springer-Verlag",
  address     = "Berlin",
  series      = "Lecture Notes in Mathematics",
  volume      = "344",
  year        = "1973"}

## Fan theorem
@article{Troelstra74,
  author      = {Anne S. Troelstra},
  title       = {Note on the Fan Theorem},
  journal     = {The Journal of Symbolic Logic},
  number      = {3},
  pages       = {584--596},
  publisher   = {Association for Symbolic Logic},
  volume      = {39},
  year        = {1974}
}

## History
@techreport{Troelstra91,
  author      = "Anne S. Troelstra",
  title       = "History of constructivism in the 20th century",
  institution = "University of Amsterdam",
  series      = "ITLI Prepublication Series",
  number      = "ML-91-05",
  year        = "1991"
}

## History
@Article{Troelstra99,
  author      = {A. S. Troelstra},
  title       = {From Constructivism to Computer Science},
  year        = {1999},
  journal     = {Theoretical Computer Science},
  editor      = {Elsevier},
  volume      = 211,
  pages       = {233–252}
}

## HoTT
@Book{HoTT13,
  author      = {The {Univalent Foundations Program}},
  title       = {Homotopy Type Theory
                Univalent Foundations of Mathematics},
  publisher   = {Institute for Advanced Study},
  year        = 2013,
  note        = {\url{http://homotopytypetheory.org/book/}}
}

## Computational classical logic, Sequent calculus
@PhDThesis{UrbanPhD,
  author      = {Christian Urban},
  title       = {Classical Logic and Computation},
  school      = {University of Cambridge},
  type        = {{Ph.D.} Thesis},
  year        = {2000},
  month       = Oct,
}

## Computational classical logic, Sequent calculus
@article{UrbBie01,
  author      = {Christian Urban and Gavin M. Bierman},
  title       = {Strong Normalisation of Cut-Elimination in Classical Logic},
  journal     = {Fundamenta Informaticae},
  volume      = {45},
  number      = {1-2},
  year        = {2001},
  pages       = {123-155},
  month       = Jan,
}

@PhDThesis{Vakar17,
  author      = {Matthijs V{\'a}k{\'a}r},
  title       = {In search of effectful dependent types},
  type        = {{Ph.D.} Thesis},
  school      = {Oxford University},
  year        = 2017
}

@Book{vanHeijenoort,
  title       = {From Frege to G\"odel, A Source Book in Mathematical Logic, 1879-1931},
  editor      = {Jean van Heijenoort},
  publisher   = {Harvard University Press},
  address     = {New York},
  year        = 1967,
}

## Completeness
@article{Veldman76,
  author      = {Wim Veldman},
  title       = {An Intuitionistic Completeness Theorem for Intuitionistic
                 Predicate Logic},
  journal     = {J. Symb. Log.},
  volume      = {41},
  number      = {1},
  year        = {1976},
  pages       = {159-166},
  bibsource   = {DBLP, http://dblp.uni-trier.de}
}

## Fan Theorem
@article{Veldman14,
  author      = {Veldman, Wim},
  title       = {Brouwer's Fan Theorem as an Axiom and as a Contrast to Kleene's Alternative},
  year        = {2014},
  issue_date  = {August 2014},
  publisher   = {Springer-Verlag},
  address     = {Berlin, Heidelberg},
  volume      = {53},
  number      = {5–6},
  journal     = {Arch. Math. Log.},
  month       = aug,
  pages       = {621–693},
  numpages    = {73},
  keywords    = {Intuitionistic reverse mathematics, Fan Theorem, Weak K\"{o}nig's Lemma, 03F35, 03F60, 03F55, 03B30}
}

## Intuitionism
@PhDThesis{Visser81,
  author      = {Albert Visser},
  title       = {Aspects of Diagonalization and Provability},
  school      = {University of Utrecht, Department of Philosophy, 
                 The Nederland},
  type        = {{Ph.D.} Thesis},
  year        = 1981,
  month       = Nov
}

@unpublished{Voevodsky06,
  author      = {Vladimir Voevodsky},
  title       = {A very short note on the homotopy $\lambda$-calculus},
  year        = {2006},
  note        = {{http:// www.math.ias.edu/{\texttildelow}vladimir/Site3/Univalent\_Foundations\_files/Hlambda\_short\_current.pdf}}
}

@inproceedings{Wadler95,
  author      = {Philip Wadler},
  title       = {Monads for Functional Programming},
  year        = {1995},
  pages       = {24-52},
  editor      = {Johan Jeuring and Erik Meijer},
  booktitle   = {Advanced Functional Programming, First International Spring
                 School on Advanced Functional Programming Techniques, B{\aa}stad,
                Sweden, May 24-30, 1995, Tutorial Text},
  publisher   = {Springer},
  series      = {Lecture Notes in Computer Science},
  volume      = {925},
  isbn        = {3-540-59451-5},
}

## Computational classical logic, Sequent calculus
@inproceedings{Wadler03,
  author      = "Philip Wadler",
  title       = "Call-by-value is dual to call-by-name",
  pages       = "189-201",
  booktitle   = {Proceedings of the Eighth ACM SIGPLAN International Conference
                 on Functional Programming, ICFP 2003, Uppsala, Sweden, August
                 25-29, 2003},
  editor      = {Colin Runciman and Olin Shivers},
  series      = "SIGPLAN Notices",
  volume      = "38(9)",
  publisher   = {ACM},
  year        = {2003},
  isbn        = {1-58113-756-7},
  bibsource   = {DBLP, http://dblp.uni-trier.de}
}

## Computational classical logic, Sequent calculus
@inproceedings{Wadler05,
  author      = {Philip Wadler},
  title       = {Call-by-Value Is Dual to Call-by-Name - Reloaded},
  editor      = {J{\"{u}}rgen Giesl},
  booktitle   = {Term Rewriting and Applications, 16th International Conference,
               RTA 2005, Nara, Japan, April 19-21, 2005, Proceedings},
  publisher   = {Springer},
  series      = {Lecture Notes in Computer Science},
  volume      = {3467},
  year        = {2005},
  pages       = {185-203},
  isbn        = {3-540-25596-6},
  ee          = {http://springerlink.metapress.com/openurl.asp?genre=article{\&}issn=0302-9743{\&}volume=3467{\&}spage=185},
}

@inproceedings{Werner97,
  author      = {Benjamin Werner},
  title       = {Sets in Types, Types in Sets},
  booktitle   = {Theoretical Aspects of Computer Software, Third International Symposium,
                 {TACS} '97, Sendai, Japan, September 23-26, 1997, Proceedings},
  pages       = {530--346},
  year        = {1997},
  url         = {https://doi.org/10.1007/BFb0014566},
  doi         = {10.1007/BFb0014566},
  editor      = {Mart{\'{\i}}n Abadi and
                 Takayasu Ito},
  series      = {Lecture Notes in Computer Science},
  volume      = {1281},
  publisher   = {Springer},
}

## Axiom of choice
@article{Wolk83,
  author      = {Elliot S. Wolk},
  title       = {On the Principle of Dependent Choices and Some Forms of {Z}orn's lemma},
  journal     = {Canad. Math. Bull.},
  volume      = {26},
  number      = 3,
  year        = 1983
}

@inproceedings{Zeilberger08a,
  author      = {Noam Zeilberger},
  title       = {Focusing and higher-order abstract syntax},
  booktitle   = {Proceedings of the 35th {ACM} {SIGPLAN-SIGACT} Symposium on Principles
                 of Programming Languages, {POPL} 2008, San Francisco, California,
                 USA, January 7-12, 2008},
  pages       = {359--369},
  year        = {2008},
  editor      = {George C. Necula and
                 Philip Wadler},
  publisher   = {{ACM}},
  url         = {https://doi.org/10.1145/1328438.1328482},
  doi         = {10.1145/1328438.1328482},
  timestamp   = {Tue, 06 Nov 2018 11:07:43 +0100},
  biburl      = {https://dblp.org/rec/bib/conf/popl/Zeilberger08},
  bibsource   = {dblp computer science bibliography, https://dblp.org}
}

@article{Zeilberger08,
  author      = {Noam Zeilberger},
  title       = {On the unity of duality},
  journal     = {Ann. Pure Appl. Logic},
  volume      = {153},
  number      = {1-3},
  pages       = {66--96},
  year        = {2008},
  url         = {http://dx.doi.org/10.1016/j.apal.2008.01.001},
  doi         = {10.1016/j.apal.2008.01.001},
}
