@manuscript{HerbelinMoeneclaey20,
  author    = {Hugo Herbelin and Hugo Moeneclaey},
  title     = {Iterated syntactic parametricity translation},
  note      = {\url{http://pauillac.inria.fr/~herbelin/articles/param-draft.pdf}}
}

@article{CastellanClairambaultDybjer19,
  author    = {Simon Castellan and
               Pierre Clairambault and
               Peter Dybjer},
  title     = {Categories with Families: Unityped, Simply Typed, and Dependently
               Typed},
  journal   = {CoRR},
  volume    = {abs/1904.00827},
  year      = {2019},
  url       = {http://arxiv.org/abs/1904.00827},
  archivePrefix = {arXiv},
  eprint    = {1904.00827},
  timestamp = {Wed, 24 Apr 2019 12:21:25 +0200},
  biburl    = {https://dblp.org/rec/journals/corr/abs-1904-00827.bib},
  bibsource = {dblp computer science bibliography, https://dblp.org}
}

@misc{Nuyts17,
  title         = {A Model of Parametric Dependent Type Theory in Bridge/Path Cubical Sets},
  author        = {Andreas Nuyts},
  year          = {2017},
  eprint        = {1706.04383},
  archivePrefix = {arXiv},
  primaryClass  = {cs.LO}
}
