@inproceedings{reynolds72,
  title     = {Definitional interpreters for higher-order programming languages},
  author    = {Reynolds, John C},
  booktitle = {Proceedings of the ACM annual conference-Volume 2},
  pages     = {717--740},
  year      = {1972}
}

@article{johann17,
  title   = {Cubical categories for higher-dimensional parametricity},
  author  = {Johann, Patricia and Sojakova, Kristina},
  journal = {arXiv preprint arXiv:1701.06244},
  year    = {2017}
}

@inproceedings{bernardy12,
  title        = {A computational interpretation of parametricity},
  author       = {Bernardy, Jean-Philippe and Moulin, Guilhem},
  booktitle    = {2012 27th Annual IEEE Symposium on Logic in Computer Science},
  pages        = {135--144},
  year         = {2012},
  organization = {IEEE}
}

@article{altenkirch14,
  title   = {A syntax for cubical type theory},
  author  = {Altenkirch, Thorsten and Kaposi, Ambrus},
  journal = {Talk in Oxford. 8th November},
  year    = {2014}
}

@book{moulin16,
  title     = {Internalizing parametricity},
  author    = {Moulin, Guilhem},
  year      = {2016},
  publisher = {Department of Computer Science and Engineering, Chalmers University of Technology}
}

@article{cchm,
  title   = {Cubical type theory: a constructive interpretation of the univalence axiom},
  author  = {Cohen, Cyril and Coquand, Thierry and Huber, Simon and M{\"o}rtberg, Anders},
  journal = {arXiv preprint arXiv:1611.02108},
  year    = {2016}
}

@article{fri08,
  title   = {An elementary illustrated introduction to simplicial sets},
  author  = {Friedman, Greg},
  journal = {arXiv preprint arXiv:0809.4221},
  year    = {2008}
}

@article{riehl11,
  title   = {A leisurely introduction to simplicial sets},
  author  = {Riehl, Emily},
  journal = {Unpublished expository article available online at http://www.math.harvard.edu/\~{}eriehl},
  year    = {2011}
}

@article{herbelin15,
  title     = {A dependently-typed construction of semi-simplicial types},
  author    = {Herbelin, Hugo},
  journal   = {Mathematical Structures in Computer Science},
  volume    = {25},
  number    = {5},
  pages     = {1116--1131},
  year      = {2015},
  publisher = {Cambridge University Press}
}
